2872 4504
1232 244 1298 301 St.
1331 260 1433 301 137.
2396 255 2478 295 1⁷7

170 432 348 489 ζάντιον
386 431 608 495 ἐπισταίη.
650 430 730 481 καὶ
768 428 846 481 οὖν
885 433 969 493 τὴν
1009 430 1388 499 Ἀδριανούπολιν
1429 431 1699 482 καταλιπεῖν
1737 429 1802 495 τῷ
1841 429 2090 495 στρατηγῷ
2130 428 2429 493 ἐγκελεύεται
2464 426 2479 499 Η
2509 433 2533 484 ἓ
2564 436 2608 489 9,
2653 443 2699 489 p.
2731 435 2835 480 293.

170 517 273 585 περί
296 537 348 569 τε
385 520 464 569 τδν
504 516 694 585 Ἴστρον
732 522 1006 585 προστάττει
1050 520 1134 579 τὰς
1187 519 1417 580 διαβάσεις
1463 521 1759 581 ποιήσασθαι.
1812 519 1836 566 6
1884 518 1968 580 μὲν
2018 512 2095 566 οὖν
2135 518 2313 584 Πέτρος
2353 518 2477 567 κατὰ
2507 520 2531 572 ξ
2564 523 2637 563 10.

170 613 256 670 τῆς
294 606 589 669 Σκλαυηνίας
627 606 851 670 πληθύος
892 608 1347 674 στρατοπεδεύεσθαι
1383 608 1721 674 παρεσκεύαζεν
1762 607 1937 672 ἔγραψέ
1988 623 2040 655 τε
2077 606 2307 672 Βωνώσῳ·
2365 606 2479 672 ἀνὴρ

172 697 224 746 δὲ
262 691 395 754 οὗτος
434 699 527 745 τῶν
566 696 977 761 σωματοφυλάκων
1017 702 1095 745 τοῦ
1135 695 1364 757 βασιλέως
1402 697 1636 763 ἐπιφανής,
1675 697 1726 744 ὃν
1765 692 1994 760 σκρίβωνα
2033 693 2179 744 εἴωθε
2215 693 2272 743 τὰ
2307 693 2480 756 πλήθη

170 783 445 834 ἀποκαλεῖν·
485 785 646 832 τοῦτον
685 783 776 849 γὰρ
816 784 979 847 ἐδέησε
1019 781 1123 833 κατ’
1164 784 1316 834 ἐκεῖνο
1358 786 1518 850 καιροῦ
1558 784 1870 834 διακονεῖσθαι
1907 783 2068 848 Πέτρῳ
2107 782 2174 850 τῷ
2213 780 2475 847 στρατηγῷ·
2508 785 2532 836 ξ
2564 788 2637 830 11.

167 875 199 937 ἡ
239 873 291 922 δὲ
329 873 410 921 τοῦ
447 873 724 937 γράμματος
765 871 947 931 ἀξίωσις
985 870 1041 935 ἦν
1081 869 1148 937 ἐφ’
1189 870 1226 938 ᾧ
1267 872 1350 931 τὰς
1390 877 1481 924 τῶν
1521 859 1763 934 Ῥωμαίων
1805 871 2073 938 πορθμίδας
2124 873 2345 937 χορηγεῖν
2383 874 2483 930 ταῖς

169 961 424 1023 δυνάμεσιν,
466 961 593 1015 ὅπως
631 961 710 1009 τὸν
748 962 957 1022 ποταμὸν
1011 958 1315 1022 διανήξονται.
1367 966 1449 1010 τοῦ
1499 961 1551 1009 δὲ
1605 959 1808 1026 μαχίμου
1848 961 1873 1007 ό
1913 960 2090 1027 Πέτρος
2137 959 2216 1009 τὸν
2270 960 2304 1007 Γ
2308 959 2483 1009 ουδοῦϊν
2513 961 2538 1013 ἓ
2571 963 2643 1006 12.

169 1050 519 1115 ὑποστράτηγον
570 1051 902 1114 προεστήσατο.
958 1049 1105 1098 τοίνυν
1146 1050 1170 1097 6
1227 1049 1439 1108 Γουδοῦϊς
1478 1049 1557 1098 τὸν
1595 1049 1806 1111 ποταμὸν
1846 1047 2006 1109 διαβὰς
2031 1049 2228 1110 στόματι
2250 1047 2483 1116 μαχαίρας

174 1137 348 1200 πλήθη
387 1137 627 1199 πολεμίων
659 1136 858 1206 ἀνεῖλεν,
897 1136 1222 1202 αἰχμαλωσίας
1263 1137 1313 1186 δὲ
1354 1140 1594 1204 κρατήσας
1643 1136 1829 1199 πολλῆς
1883 1136 2099 1202 μεγάλην
2145 1136 2480 1204 περιβάλλεται

168 1225 401 1278 εὔκλειαν.
441 1225 482 1274 οἱ
522 1226 607 1287 μὲν
659 1221 736 1274 οὖν
777 1223 998 1288 Ῥωμαῖοι
1036 1226 1283 1287 ἐπανήκειν
1324 1225 1396 1275 διὰ
1435 1228 1516 1275 τοῦ
1555 1231 1766 1288 ποταμοῦ
1804 1223 1869 1284 εἰς
1893 1225 1977 1287 τὴν
2017 1227 2190 1274 ἑαυτῶν
2217 1226 2480 1293 ἐπειρῶντο,

140 1316 194 1363 ,ὁ
234 1314 286 1364 δὲ
323 1313 540 1372 Γουδοῦῖς
578 1319 714 1363 τοῦτο
770 1317 914 1364 ποιεῖν
966 1314 1130 1373 αὐτοὺς
1183 1314 1413 1365 διεκώλυε
1466 1316 1598 1373 τέως.
1648 1313 1765 1380 ἀτὰρ
1813 1313 1897 1374 τὰς
1936 1311 2178 1377 Ῥωμαίων
2229 1314 2418 1380 ἐφόδους
2457 1315 2480 1362 6
2514 1314 2540 1367 ἓ
2572 1317 2644 1359 13·

166 1403 387 1467 Χαγάνος
425 1403 727 1464 μεμαθηκὼς
766 1403 847 1451 τον
888 1401 1033 1468 Ἀψὶχ
1072 1403 1191 1465 μετὰ
1229 1402 1554 1469 στρατοπέδων
1593 1399 1867 1470 ἐξέπεμπεν,
1907 1403 2030 1460 ὅπως
2068 1403 2122 1451 τ“ο
2162 1405 2254 1451 τῶν
2294 1398 2482 1452 ”Αντων

169 1490 414 1541 διολέσειεν
452 1491 614 1558 ἔθνος,
668 1492 694 1539 ὃ
749 1491 994 1556 σύμμαχον
1033 1489 1276 1554 Ῥωμαίοις
1317 1492 1570 1557 ἐτύγχανεν
1611 1490 1710 1541 όν.“

347 1578 474 1631 Ibid.
515 1595 556 1631 e.
603 1585 632 1630 6
676 1580 729 1642 (1.
781 1596 843 1647 e.,
882 1598 932 1645 p.
970 1595 1092 1646 293,
1145 1577 1293 1649 294):
1345 1581 1554 1647 ,,τούτων
1595 1580 1651 1641 δὴ
1690 1581 1992 1647 γιγνομένων,
2048 1580 2352 1630 ἀποστατοῦσι
2389 1585 2481 1631 τῶν
2512 1581 2536 1633 §
2569 1582 2613 1638 1,
2658 1591 2705 1637 P·
2736 1582 2840 1627 293·

168 1668 384 1735 Ἀβάρων
422 1667 596 1731 πλήθη
638 1668 738 1717 τινὰ
777 1668 1053 1731 αὒτομολεῖν
1091 1687 1141 1719 τε
1191 1669 1256 1735 τῷ
1311 1668 1621 1735 αὐτοκράτορι
1671 1669 2026 1734 κατηπείγοντο.
2082 1671 2354 1735 ταράττεται
2407 1666 2485 1719 οὖν

170 1755 244 1807 ἐπὶ
281 1756 348 1823 τῷ
387 1755 651 1818 ἀκούσματι
685 1757 710 1804 6
750 1758 987 1824 Χαγάνος,
1026 1755 1104 1806 καὶ
1140 1757 1353 1823 περιδεὴς
1392 1752 1601 1822 γεγονὼς
1639 1757 1788 1816 πολὺς
1826 1754 1883 1820 ἦν
1923 1756 2182 1818 ἀντιβολῶν
2234 1757 2314 1808 καὶ
2362 1777 2485 1825 σοφι-

170 1838 344 1896 στεύων
383 1840 622 1907 μεθόδους
658 1844 849 1905 πολλὰς
888 1846 1271 1909 ἀντιμεταστῆσαι
1307 1846 1391 1907 τὴν
1431 1845 1815 1908 ἀποστατήσασαν
1855 1844 2091 1909 δύναμιν.“

339 1934 493 2001 Ὥρας
532 1934 678 1983 τοίνυν
717 1940 1032 2002 μετοπωρινῆς
1073 1935 1378 2002 ἐνδημούσης,
1420 1932 1500 1984 καὶ
1538 1933 1795 2001 Μαυρικίου
1851 1941 1932 1985 τοῦ
1982 1936 2326 2004 αὒτοκράτορος
2381 1939 2486 1988 ἐ’νο-
2516 1935 2541 1988 ἓ
2572 1938 2616 1980 2·

168 2022 403 2088 χλοΰντος
442 2023 522 2072 τδν
561 2022 738 2090 Πέτρον
779 2023 827 2072 ἐν
866 2027 965 2082 ταῖς
1005 2028 1098 2073 τῶν
1138 2023 1423 2086 Σκλαυηνῶν
1466 2026 1641 2089 χώραις
1697 2023 1782 2083 τὰς
1821 2023 2099 2087 Ῥωμαϊκὰς·
2144 2025 2356 2089 δυνάμεις
2404 2028 2482 2077 τδν

170 2116 251 2160 τοῦ
290 2115 521 2176 χειμῶνος
559 2111 835 2177 ἐνδιατρῖψαι
874 2114 1050 2180 καιρόν,
1091 2117 1182 2162 τῶν
1222 2130 1274 2162 τε
1301 2110 1542 2174 Ῥωμαίων
1583 2112 1902 2178 βαρυνομένων
1942 2111 2015 2162 ἐπὶ
2054 2118 2110 2181 τῇ
2150 2121 2228 2164 τοῦ
2256 2114 2484 2177 βασιλέως

169 2198 320 2268 βουλῇ
361 2197 439 2250 διά
476 2218 528 2250 τε
567 2201 653 2261 τὴν
696 2199 826 2250 λείαν
865 2200 1008 2262 αὒτὴν
1063 2201 1136 2251 διά
1191 2219 1242 2251 τε
1296 2201 1379 2263 τὴν
1420 2205 1504 2264 τῆς
1540 2201 1679 2250 ἵππου
1718 2201 2000 2270 ταπείνωσιν,
2051 2204 2115 2253 ἔτι
2163 2221 2220 2269 γε
2265 2205 2355 2267 μὴν
2408 2204 2487 2256 καὶ

170 2289 244 2339 διὰ
281 2289 335 2339 τδ
374 2288 547 2352 πλήθη
588 2287 831 2356 βαρβάρων
870 2290 1205 2356 περικυμαίνειν
1262 2290 1348 2351 τὴν
1402 2292 1560 2356 χώραν
1615 2290 1700 2351 τὴν
1751 2289 1994 2356 ἀντιπέρας
2044 2294 2123 2341 τοῦ
2163 2289 2363 2360 Ἴστρου,
2409 2293 2487 2344 καὶ

168 2373 186 2448 ΙΙ
222 2383 305 2427 τοῦ
345 2380 608 2444 στρατηγοῦ
647 2378 700 2427 τ“ο
741 2376 982 2438 βασιλικὸν
1011 2379 1324 2444 κρατύνοντος
1347 2380 1637 2446 πρόσταγμα,
1664 2379 1816 2438 στάσις
1843 2379 2032 2444 μεγίστη
2059 2383 2153 2439 τοῖς
2179 2383 2483 2447 στρατεύμασι
2512 2391 2558 2435 Ρ·
2583 2382 2687 2426 294·

170 2464 388 2530 γίγνεται.
430 2467 454 2514 6
494 2466 578 2529 μὲν
618 2461 696 2515 οὖν
736 2466 991 2533 Μαυρίκιος
1031 2466 1103 2516 διὰ
1141 2471 1325 2516 πυκνῶν
1363 2466 1615 2528 συλλαβῶν
1667 2467 1912 2518 ἐπετίθετο
1966 2469 2128 2536 Πέτρῳ
2182 2473 2319 2521 τοῦτο
2374 2471 2482 2532 τοὺς
2513 2469 2538 2521 ἓ
2570 2471 2610 2513 3-

171 2551 428 2617 Ῥωμαίους
465 2556 761 2622 ποιήσασθαι,
802 2555 843 2604 οἱ
883 2555 934 2604 δὲ
972 2552 1191 2618 Ῥωμαῖοι
1243 2553 1625 2623 ἀντιπεριΐσταντο
1685 2556 1802 2623 πρδς
1852 2560 2191 2625 συντονωτέραν
2245 2558 2481 2627 ἀπόφασιν.

172 2644 241 2694 διὸ
280 2644 361 2693 τ“ον
398 2644 605 2705 ποταμὸν
642 2644 905 2710 παροδικῶς
946 2641 1227 2706 διενήξαντο.
1267 2642 1366 2694 ἐπεὶ
1405 2645 1455 2693 δὲ
1507 2651 1642 2694 τοῦτο
1697 2646 1899 2714 ἐγένετο,
1956 2646 2245 2712 ἀφικνοῦνται
2296 2650 2345 2699 ἐν
2384 2651 2483 2699 Πα-

170 2730 413 2797 λαστόλῳ,
453 2730 655 2796 μεγίστῷ
692 2731 835 2797 θυμῷ
874 2732 959 2791 τὰς
998 2732 1152 2797 ψυχὰς
1191 2734 1520 2795 μεθυσθέντες
1561 2774 1573 2787 .
1617 2773 1629 2784 .
1673 2732 1721 2783 .“

348 2834 545 2887 Photii
585 2836 647 2886 in
684 2835 1194 2903 Theophylaetum
1219 2838 1561 2889 summaria.
1590 2835 1709 2905 (Ed.
1734 2835 1795 2891 C.
1822 2838 1885 2887 de
1911 2837 2069 2899 Boor,
2091 2857 2142 2907 p.
2191 2840 2295 2909 17):
2323 2843 2484 2910 ,,ὅπως

172 2923 430 2990 Μαυρίκιος
468 2922 729 2973 ἐπέστελλε
769 2925 945 2991 Πέτρον
983 2922 1118 2974 παντὶ
1157 2926 1312 2991 τρόπῳ
1351 2926 1435 2984 τὰς
1474 2922 1704 2993 Θρᾳκῴας
1758 2926 1969 2989 δυνάμεις
2020 2926 2084 2987 εἷς
2136 2929 2187 2978 τ“ο
2242 2928 2483 2998 ἀντιπέρας

171 3017 252 3061 τοῦ
291 3008 476 3078 Ἴστρου
516 3011 769 3081 διατρίβειν,
810 3014 937 3072 ὅπως
976 3031 1028 3063 τε
1067 3014 1179 3064 θεία
1219 3016 1499 3080 προσέπεσεν
1541 3014 1663 3079 ὀμφὴ
1704 3014 1771 3081 τῷ
1811 3016 1990 3082 Πέτρῳ.
2033 3015 2113 3066 καὶ
2164 3019 2288 3078 ὅπως
2328 3022 2482 3080 στάσις

171 3103 272 3160 ταῖς
310 3097 593 3163 Ῥωμαϊκαῖς
631 3099 872 3168 εἰσήρρησε
911 3102 1167 3170 δυνάμεσιν,
1215 3100 1292 3152 καὶ
1330 3101 1534 3169 τυραννὶς
1584 3104 1777 3166 συνέστη
1831 3105 1953 3153 κατὰ
1999 3108 2079 3155 τοῦ
2132 3106 2481 3176 αύτοκράτορος,

173 3190 326 3239 Φωκᾶ
362 3195 443 3238 τοῦ
481 3191 698 3255 τυράννου
738 3191 823 3239 ὑπὸ
862 3193 944 3240 τοῦ
982 3190 1205 3253 πλήθους
1247 3190 1646 3257 ἀναρρηθέντος.“

349 3292 728 3357 Theophanis
778 3293 1269 3359 chronographia
1308 3294 1373 3343 ad
1413 3311 1456 3344 a.
1499 3293 1570 3347 M.
1612 3299 1754 3359 6094
1795 3292 1874 3365 (=
1915 3296 2019 3346 602
2061 3314 2108 3347 a.
2150 3295 2295 3366 Chr.)
2338 3296 2483 3368 (Rec.

174 3377 238 3432 C.
278 3379 343 3429 de
383 3379 540 3450 Boor,
578 3398 628 3447 p.
661 3381 813 3447 286):
855 3387 971 3450 ,,τῆς
1009 3382 1154 3431 τοίνυν
1194 3387 1508 3449 μετοπωρινῆς
1547 3384 1670 3449 ὥρας
1711 3383 2090 3454 καταλαβούσης,
2129 3385 2206 3436 καὶ
2233 3387 2482 3455 Μαυρικίου

173 3474 256 3517 τοῦ
294 3466 523 3528 βασιλέως
560 3468 870 3529 κελεύσαντος
910 3470 976 3535 τῷ
1017 3471 1181 3537 Πέτρῳ
1220 3471 1268 3519 ἐν
1309 3475 1366 3538 τῇ
1405 3475 1496 3519 τῶν
1535 3470 1802 3521 Σκλαυινῶν
1841 3475 1975 3542 χώρᾳ
2029 3474 2107 3524 τὸν
2159 3473 2277 3524 λαὸν
2331 3493 2481 3542 παρα-

171 3558 402 3624 χειμάσαι,
451 3555 729 3621 ἀντέστησαν
769 3559 810 3608 οἱ
859 3556 1077 3622 Ῥωμαῖοι
1130 3559 1193 3621 μὴ
1248 3559 1615 3624 καταδεχόμενοι
1661 3565 1793 3609 τοῦτο
1845 3564 1985 3611 ποιεῖν
2037 3562 2110 3612 διά
2156 3581 2207 3612 τε
2261 3564 2346 3625 τὴν
2386 3568 2478 3613 τῶν

172 3645 320 3694 ἵππων
360 3644 625 3695 ταπείνωσιν
666 3644 745 3696 καὶ
784 3646 856 3696 διὰ
894 3648 947 3696 το
986 3647 1174 3709 πολλὴν
1213 3647 1404 3713 πραῖδαν
1423 3645 1461 3716 ¹)
1501 3648 1795 3714 ἐπιφέρεσθαι
1835 3647 1914 3698 καὶ
1953 3650 2024 3699 διὰ
2063 3652 2115 3701 τ“ο
2154 3651 2326 3715 πλήθη
2366 3651 2480 3718 βαρ-

174 3731 329 3799 βάρων
367 3738 701 3800 περικεχῦσθαι
739 3740 796 3803 τῇ
836 3738 985 3803 χώρᾳ,
1027 3735 1106 3785 καὶ
1143 3737 1297 3785 στάσιν
1336 3734 1638 3798 ἐμελέτησαν.
1680 3741 1704 3784 6
1751 3736 1802 3786 δὲ
1853 3740 2109 3804 στρατηγὸς
2157 3740 2480 3805 διαγανακτῶν

174 3820 296 3870 κατὰ
334 3828 414 3871 τοῦ
468 3821 588 3872 λαοῦ
643 3822 707 3882 εἰς
761 3822 979 3873 ἀπόνοιαν
1033 3824 1198 3883 αὒτοὺς
1238 3823 1472 3885 ἐνέβαλεν.
1515 3824 1792 3875 ἐπιπίπτουσι
1842 3826 1988 3876 τοίνυν
2039 3826 2159 3877 ὑετοὶ
2207 3828 2375 3895 λάβροι
2413 3831 2479 3897 τῷ

174 3906 281 3973 λαῷ
320 3907 399 3958 καὶ
437 3912 587 3975 ψῦχος
626 3910 763 3962 πολύ.
805 3912 829 3960 6
871 3912 922 3961 δὲ
962 3913 1141 3978 Πέτρος
1181 3911 1271 3960 ἀπὸ
1312 3913 1450 3961 εἴκοσι
1505 3911 1668 3974 μιλίων
1719 3918 1801 3976 τῆς
1854 3919 2062 3980 στρατιᾶς
2111 3916 2194 3977 τὴν
2246 3917 2477 3984 διατριβὴν

177 3994 381 4047 ἐποιεῖτο.
427 3998 679 4065 Μαυρίκιος
719 3999 769 4049 δὲ
808 3999 873 4065 τῷ
917 4001 1081 4066 Πέτρῳ
1120 3999 1327 4064 ἐπώχλει
1366 4000 1438 4048 διὰ
1475 4002 1761 4067 γραμμάτων
1799 4006 1989 4069 περᾶσαι
2027 4004 2107 4053 τδν
2148 4001 2346 4073 Ἵστρον,
2400 4005 2478 4055 καὶ

358 4140 390 4199 ¹)
424 4140 598 4198 Πραῐδα
619 4163 674 4180 =
695 4144 886 4201 praeda.
920 4144 1019 4190 Cfr.
1045 4145 1104 4189 ὲῒ.
1129 4150 1228 4190 113.

2244 4242 2298 4283 17
