2872 4504
142 1817 187 1860 p.
213 1811 286 1851 20.

140 1906 187 1950 p.
213 1899 283 1940 21.

337 297 393 337 36
1338 285 1404 340 St.
1437 303 1508 349 44,
1542 299 1613 341 ⁴5.

331 472 455 524 med
496 470 755 537 Rimljani
794 470 1143 542 (Bizantinci)
1185 471 1242 524 in
1280 471 1607 538 gotovskim
1657 472 2042 540 poveljnikom
2092 475 2351 544 Totilom,
2389 477 2444 543 je
2482 480 2631 532 delal

332 559 642 613 Teodebert
679 576 750 612 na
790 567 863 628 tc,
901 561 969 612 da
1009 561 1065 612 bi
1104 562 1226 613 med
1268 568 1374 612 tem
1416 559 1620 628 (samm,
1659 561 1738 612 ko
1778 562 1831 613 bi
1871 577 1933 614 se
1971 561 2175 615 Narzet
2216 565 2382 617 trudil
2410 581 2438 618 s
2467 566 2632 632 svojo

332 646 538 713 vojsko
574 662 649 715 po
687 647 852 713 Italiji
893 655 976 700 ter
1014 648 1142 700 imel
1181 654 1239 699 tu
1278 647 1466 712 dovolj
1509 649 1764 715 optaviti,
1805 650 1959 701 zbral
1998 649 2377 718 najhrabrejsse
2416 654 2474 706 in
2512 653 2630 720 naj-

332 734 656 800 bojevitejsse
695 734 829 804 dete,
883 737 1074 803 prodrl
1113 734 1144 788 ἑ
1182 734 1337 801 njimi
1378 751 1414 787 v
1452 735 1695 801 Tracijo,
1754 738 2092 804 popolnoma
2129 740 2180 791 si
2219 742 2492 807 podvrgel
2530 758 2632 795 on-

331 824 502 876 dotno
540 822 740 888 zemljo
780 831 863 876 ter
902 829 1084 891 potem
1124 824 1346 891 oblegal
1387 823 1657 877 cesarsko
1696 831 1873 878 mesto
1914 824 2199 893 Carigrad.
2238 827 2322 880 Da
2356 828 2412 880 bi
2437 830 2630 884 izvrssil

331 910 454 977 svoj
496 910 668 980 nadrt,
716 927 778 964 se
821 911 876 976 je
927 912 1093 964 trudil
1133 912 1269 964 tako
1307 927 1488 980 resne,
1528 913 1598 964 da
1631 911 1688 977 J’e
1728 913 1912 979 poslal
1950 914 2217 980 poslance
2264 916 2300 968 h
2341 915 2632 987 Gepidom‚

329 998 752 1067 Langobardom
791 999 848 1052 in
886 1000 1102 1066 drugim
1146 999 1448 1066 sosednjim
1487 1002 1772 1061 narodom,
1812 1000 1916 1053 ker
1949 1000 2005 1066 je
2031 1000 2186 1071 ielel,
2220 1004 2290 1055 da
2316 1005 2370 1056 bi
2397 1020 2486 1058 mu
2510 1006 2630 1059 tudi

325 1087 367 1140 ti
407 1087 687 1155 pomagali
726 1102 763 1139 v
801 1086 1005 1153 vojski.
1044 1087 1218 1140 Mislil
1251 1086 1322 1156 je,
1361 1089 1432 1141 da
1465 1087 1522 1154 je
1559 1087 1988 1157 nedopustljivo,
2014 1090 2083 1142 da
2111 1090 2166 1142 bi
2192 1106 2253 1143 se
2281 1093 2630 1164 cesarJusti-

326 1174 477 1240 nijan
506 1191 540 1227 v
564 1174 748 1241 svojih
773 1176 1051 1243 razglasih
1078 1177 1241 1228 bahal
1265 1192 1295 1228 z
1321 1177 1540 1229 naslovi
1565 1176 1943 1246 Frankovski‚
1967 1178 2308 1247 Alemanski,
2337 1179 2630 1251 Gepidski,

324 1262 751 1330 Langobardski
789 1265 901 1332 itd„
940 1263 1126 1316 kakor
1179 1265 1250 1316 da
1288 1266 1346 1317 bi
1384 1265 1433 1318 si
1473 1265 1549 1317 bil
1606 1266 1881 1333 podvrgel
1920 1280 2019 1319 vse
2059 1273 2111 1319 te
2150 1269 2373 1322 narode.
2410 1269 2628 1324 Teode·

323 1353 444 1404 bert
482 1367 600 1404 sam
635 1350 691 1418 je
731 1352 808 1404 bil
847 1351 1063 1417 uialjen
1103 1354 1268 1406 zarad
1307 1352 1438 1406 take
1478 1353 1765 1406 ossabnosti
1805 1354 1860 1405 in
1891 1353 1946 1419 je
1970 1355 2121 1407 hotel
2149 1356 2265 1408 tudi
2290 1357 2465 1424 druge
2489 1359 2628 1426 pod-

324 1439 541 1493 Suntati.
579 1441 847 1507 Agathias
887 1441 1061 1508 pravi,
1086 1443 1155 1493 da
1181 1456 1251 1493 ne
1278 1442 1332 1494 bi
1360 1441 1437 1494 bil
1465 1456 1537 1509 po
1564 1440 1827 1508 njegovih
1856 1443 2041 1495 mislih
2079 1443 2389 1497 Teodebert
2412 1445 2626 1516 steben,

320 1528 434 1580 ako
473 1529 528 1581 bi
581 1530 660 1581 bil
711 1529 887 1597 pridel
926 1528 1149 1595 vojsko.
1194 1529 1324 1583 Ako
1365 1531 1420 1582 bi
1460 1530 1537 1582 bil
1575 1531 1749 1598 prissel
1790 1545 1826 1581 v
1864 1530 2090 1597 Tracijo
2129 1532 2205 1584 ali
2243 1547 2314 1600 pa
2353 1548 2390 1585 v
2427 1533 2623 1600 Ilirijo,

322 1616 377 1667 bi
417 1617 492 1669 bil
533 1618 735 1670 naletel
773 1633 844 1670 na
884 1618 1230 1672 bizantinske
1269 1619 1490 1686 legione
1529 1626 1614 1671 ter
1651 1619 1706 1671 bi
1747 1619 1823 1671 bil
1864 1627 2149 1673 sramotno
2189 1620 2403 1675 uniden.

487 1706 775 1771 Agathiae
814 1708 1208 1758 Historiarum
1249 1709 1344 1760 lib.
1375 1709 1416 1771 1,
1458 1724 1500 1757 c.
1534 1722 1570 1772 4
1611 1706 1844 1777 (Corpus
1884 1711 2054 1774 script.
2095 1708 2211 1762 hist.
2251 1710 2482 1779 Byzant.,
2537 1711 2623 1772 111,

321 1794 399 1847 ed.
451 1794 700 1864 Niebuhr,
758 1815 807 1862 p.
837 1793 1106 1864 20—22):
1165 1795 1495 1864 ,,Παραλαβὼν
1550 1797 1600 1845 δὲ
1654 1797 1739 1857 τὴν
1795 1793 2012 1864 πατρῴαν
2064 1796 2216 1864 ἀρχὴν
2256 1800 2280 1847 ὁ
2321 1799 2626 1867 Θευδίβερτος

319 1885 425 1943 τούς
465 1902 516 1934 τε
555 1881 853 1946 Ἀλαμανοὺς
893 1888 1240 1951 κατεστρέψατο
1283 1883 1362 1934 καὶ
1400 1885 1532 1934 ἄλλα
1571 1888 1690 1935 ἄττα
1727 1887 1953 1952 πρόσοικα
2005 1887 2142 1949 ἔθνη.
2197 1883 2212 1956 ΙΙ
2273 1887 2532 1951 τολμητίας
2572 1906 2625 1938 τε

315 1972 405 2038 γὰρ
444 1970 500 2035 ἦν
555 1974 603 2032 ἐς
643 1974 701 2022 τὰ
739 1974 941 2036 μάλιστα
981 1972 1060 2023 καὶ
1098 1974 1393 2041 ταραχώδης,
1450 1972 1529 2023 καὶ
1585 1976 1702 2041 πέρα
1755 1981 1835 2023 τοῦ
1893 1973 2146 2039 ἀναγκαίου
2202 1977 2254 2025 το
2308 1976 2624 2041 φιλοκίνδυνον

317 2065 624 2126 κεκτημένος.
665 2063 802 2125 ἡνίκα
839 2069 950 2128 γοῦν
990 2066 1085 2122 τοῖς
1124 2060 1369 2125 Ῥωμαίοις
1409 2064 1432 2111 ὁ
1471 2064 1587 2129 πρὸς
1625 2063 1840 2113 Τώτιλαν
1892 2065 1971 2113 τ“ον
2024 2066 2236 2129 ἡγεμόνα
2290 2070 2383 2114 τῶν
2422 2067 2620 2116 Γότθων

315 2153 502 2203 ὠδίνετο
542 2153 770 2219 πόλεμος,
811 2154 966 2218 τούτῳ
1007 2153 1063 2213 δὴ
1104 2154 1213 2201 τότε
1252 2153 1318 2218 τῷ
1358 2151 1646 2219 Θευδιβέρτῳ
1693 2151 2001 2213 ἐβεβούλευτο
2057 2154 2097 2203 οἱ
2156 2152 2235 2203 καὶ
2274 2155 2616 2222 διεσπούδαστο,

315 2246 404 2302 ἕως
442 2241 490 2292 ἐν
546 2239 725 2308 Ἰταλίᾳ
762 2241 951 2308 Ναρσῆς
991 2259 1041 2290 τε
1081 2239 1161 2290 καὶ
1217 2242 1275 2290 τὰ
1324 2243 1646 2307 στρατεύματα
1698 2241 1931 2306 ἐμόχθδει
1984 2240 2064 2291 καὶ
2120 2241 2433 2311 ἐνησχόλητο,
2482 2245 2622 2304 αὒτδς

314 2332 485 2394 πλήθη
544 2329 730 2397 ἀγείρας
769 2330 950 2393 ἂλκιμά
989 2349 1040 2380 τε
1080 2329 1158 2380 καὶ
1197 2334 1522 2397 μαχιμώτατα,
1580 2329 1628 2389 ἐς
1683 2330 1742 2379 τὰ
1779 2328 1852 2380 ἐπὶ
1909 2327 2104 2396 Θρᾴκης
2157 2330 2406 2397 ἀφικέσθαι
2454 2333 2618 2400 χωρία,

315 2422 494 2470 ἅπαντά
524 2438 576 2469 τε
615 2420 673 2469 τὰ
712 2420 823 2487 τῇδε
863 2421 1316 2486 καταστρεψάμενος,
1356 2417 1466 2484 ἀμφὶ
1506 2419 1558 2468 τὸ
1584 2416 1828 2476 Βυζάντιον
1868 2419 1952 2479 τὴν
1993 2419 2127 2468 πόλιν
2165 2420 2250 2481 τὴν
2290 2419 2503 2481 βασιλίδα
2541 2422 2622 2470 τὸν

314 2509 523 2571 πόλεμον
575 2513 868 2572 μεταστῆσαι.
926 2507 1045 2557 οὔτω
1101 2509 1150 2557 δὲ
1189 2507 1376 2574 ἐνεργὸν
1431 2509 1484 2557 τ“ο
1538 2507 1776 2570 βούλευμα
1829 2507 2024 2558 ἐποιεῖτο
2068 2506 2145 2558 καὶ
2184 2509 2268 2570 τὴν
2326 2510 2623 2576 παρασκευὴν

314 2598 700 2665 ἐμβριθεστάτην,
747 2599 811 2656 ὡς
851 2595 930 2646 καὶ
967 2596 1303 2664 πρεσβεύεσθαι
1339 2598 1454 2663 πρὸς
1495 2615 1546 2646 τε
1585 2597 1814 2658 Γήπαιδας
1856 2595 1935 2645 καὶ
1971 2596 2323 2663 Λογγιβάρδους
2376 2597 2455 2647 καὶ
2492 2598 2624 2648 ἄλλα

315 2691 432 2737 ἀττα
469 2689 694 2754 πρόσοικα
733 2688 871 2754 ἔθνη,
910 2683 976 2752 ἐφ’
1019 2684 1056 2753 ᾧ
1097 2684 1177 2735 καὶ
1214 2687 1311 2736 οἵδε
1350 2683 1659 2746 ξυλλάβοιντο
1700 2691 1780 2734 τοῦ
1819 2685 2043 2748 πολέμου.
2086 2686 2136 2735 οὺ
2175 2686 2265 2753 γὰρ
2298 2682 2417 2753 ᾤετο
2443 2685 2620 2737 ἀνεκτὰ

313 2773 438 2844 εἶναι,
493 2778 562 2826 ὅτι
601 2777 657 2837 δὴ
698 2775 911 2837 βασιλεύς
951 2772 1264 2837 Ἰουστινιανδς
1304 2774 1353 2825 ἐν
1392 2778 1487 2833 τοῖς
1527 2776 1851 2841 προγράμμασι
1889 2778 1984 2833 τοῖς
2023 2773 2283 2842 βασιλείοις,
2343 2776 2620 2842 Φραγγικδς

314 2884 365 2915 τε
405 2863 485 2915 καὶ
521 2862 857 2932 Ἀλαμανικδς,
911 2866 979 2914 ἔτι
1017 2865 1068 2913 δὲ
1105 2865 1139 2913 Γ
1140 2864 1380 2927 ηπαιδικός
1421 2881 1472 2913 τε
1512 2862 1591 2912 καὶ
1626 2861 2018 2930 Λογγιβαρδικδς,
2071 2861 2151 2913 καὶ
2203 2865 2375 2930 ἑτέροις
2429 2865 2622 2914 τοιοῖσδε

315 2955 526 3017 ὀνόμασιν
583 2953 940 3021 ἀνεκηρύττετο,
1000 2955 1063 3013 ὡς
1103 2953 1161 3014 δὴ
1220 2954 1396 3002 τούτων
1450 2953 1574 3019 αὑτῷ
1629 2956 1722 3002 τῶν
1769 2950 1924 3002 ἐθνῶν
1977 2953 2189 3001 ἁπάντων
2242 2952 2619 3016 δεδουλωμένων.

312 3044 449 3103 αὒτός
489 3061 539 3092 τε
579 3043 636 3104 δὴ
677 3039 753 3092 οὖν
791 3043 1016 3108 χαλεπῶς
1055 3044 1186 3109 ἐ’φερε
1243 3043 1328 3103 τὴν
1378 3041 1519 3109 ὓβριν,
1572 3038 1652 3090 καὶ
1689 3040 1796 3099 τοὺς
1835 3039 2016 3099 ἄλλους
2056 3037 2438 3106 ξυγχαλεπαίνειν
2477 3039 2622 3109 ἠξίου,

313 3135 394 3181 ἂτε
433 3133 490 3193 δὴ
532 3130 611 3182 καὶ
649 3129 1034 3198 ξυνυβρισμένους.
1076 3128 1197 3195 οἶμαι
1236 3132 1318 3194 μὲν
1360 3126 1437 3180 οὖν
1477 3130 1516 3180 εἰ
1574 3128 1653 3179 καὶ
1692 3130 1830 3191 τήνδε
1869 3130 1954 3190 τὴν
1994 3129 2294 3196 ἐκστρατείαν
2349 3130 2612 3197 ἐποιήσατο,

270 3256 281 3267 .
313 3220 528 3270 ἀπώνατο
569 3224 622 3269 ἂν
663 3222 749 3270 οὺκ
788 3221 836 3271 ἐν
877 3220 1015 3287 καλῷ
1058 3225 1143 3283 τῆς
1181 3221 1470 3288 προπετείας,
1526 3218 1659 3268 ἀλλὰ
1704 3219 1845 3284 τυχδν
1886 3218 1969 3281 μὲν
2023 3215 2039 3289 ΙΙ
2076 3218 2125 3269 ἐν
2164 3216 2348 3287 Θρᾴκῃ,
2389 3220 2531 3285 τυχὸν
2571 3219 2623 3268 δὲ

313 3310 360 3358 ἐν
399 3306 645 3376 Ἰλλυρίοις
684 3311 886 3374 τάγμασι
922 3311 1174 3375 περιπεσὼν
1213 3307 1492 3372 Ῥωμαϊκοῖς
1530 3307 1722 3366 ἀκλεῶς
1762 3310 1817 3356 ἂν
1858 3304 2133 3373 διεφθάρη.“

486 3603 671 3674 5493)
1345 3537 1453 3606 St.
1489 3537 1616 3606 45.

490 3692 538 3744 V
576 3693 760 3746 tistem
801 3691 933 3747 &asu
969 3691 1026 3758 J'e
1065 3693 1149 3746 §la
1190 3691 1284 3746 dez
1322 3691 1548 3758 dolenjo
1587 3692 1824 3745 Donavo
1865 3694 1994 3744 brez
2039 3692 2165 3745 ovir
2203 3690 2622 3744 slovknska

314 3780 533 3850 vojska‚
573 3781 766 3834 katera
803 3782 862 3833 ni
902 3782 1041 3835 §tela
1079 3780 1183 3834 vec':
1221 3781 1408 3834 kakor
1446 3784 1593 3835 3000
1631 3779 1755 3833 moi
1781 3778 1821 3849 ²)
1862 3787 1946 3833 ter
1969 3795 2030 3833 se
2054 3788 2254 3854 potem,
2295 3779 2373 3832 ko
2407 3778 2464 3845 je
2504 3778 2619 3831 tudi

312 3870 442 3922 brez
481 3871 641 3921 truda
680 3870 983 3937 prestopila
1023 3869 1162 3922 reko
1203 3870 1432 3938 Marico‚
1486 3869 1751 3922 razdelila
1798 3885 1868 3921 na
1907 3870 2016 3921 dva
2055 3869 2194 3921 dela.
2250 3867 2371 3920 Ena
2411 3866 2528 3921 (teta
2563 3865 2620 3932 J'e

493 3985 525 4041 ¹)
555 3986 787 4040 Prokopij
831 3986 1145 4041 pripoveduje
1186 3991 1235 4030 to
1267 3986 1376 4030 med
1415 3985 1620 4040 drugimi
1662 3984 1964 4042 dogodbami,
2003 3985 2168 4029 katere
2210 3996 2268 4028 so
2307 3995 2363 4028 se
2400 3982 2550 4028 vrssile
2583 3994 2619 4027 v

313 4059 505 4104 15.1etu
537 4060 774 4113 gotovske
806 4059 981 4113 vojske
1012 4044 1123 4115 (glej
1158 4060 1242 4118 ΙΙΙ,
1275 4072 1313 4104 c.
1338 4063 1393 4104 35
1426 4060 1476 4103 in
1506 4058 1596 4116 39),
1629 4059 1751 4114 tedaj
1786 4059 1880 4103 leta
1912 4062 2012 4104 549.

488 4132 524 4187 2)
555 4132 639 4176 Zdi
668 4144 721 4175 se
752 4133 830 4189 mi,
863 4133 922 4176 da
946 4135 998 4187 je
1030 4139 1079 4177 to
1113 4133 1288 4177 {tevilo
1322 4132 1618 4188 premajhno.
1667 4131 1906 4176 Pomisliti
1929 4134 1983 4187 je
2013 4132 2168 4178 treba,
2214 4131 2274 4175 da
2314 4118 2372 4174 ἑο
2415 4126 2614 4174 81ονὂηί

313 4205 574 4263 premagali
605 4207 693 4250 ve&
724 4205 893 4261 grffikih
923 4207 1084 4265 vojsk‚
1118 4207 1377 4263 opustoffiili
1406 4218 1499 4251 vso
1520 4206 1692 4261 zemljo
1715 4206 1824 4250 med
1845 4206 2038 4261 dolenjo
2060 4205 2266 4250 Donavo
2296 4203 2347 4247 in
2368 4201 2618 4259 Egejskim
