2872 4504
1293 196 1359 252 ἐι.
1386 211 1454 253 69.
2458 208 2514 249 65

217 381 260 436 k
317 379 453 447 njim
504 380 687 448 poslal
726 380 1019 451 Justina,¹)
1073 382 1303 450 svojega
1359 381 1666 437 sorodnika
1715 380 1773 433 in
1827 379 2173 448 kuropalata,
2192 376 2233 448 ²)
2297 386 2381 433 ter
2434 381 2515 446 jih

214 469 401 538 pustil,
438 469 509 522 da
547 483 615 521 so
654 467 855 521 srec'mo
895 470 1056 523 odssli.

390 557 641 609 Joannis
679 557 931 609 Malalae
958 559 1464 625 Chronographia,
1506 560 1594 609 lib.
1618 557 1801 616 XVIII,
1845 555 2061 627 (Migne‚
2101 556 2309 614 patrol,
2351 557 2516 607 Series

212 662 409 713 graeca,
429 643 639 702 XCVII,
672 663 721 710 p.
745 648 892 713 709);
927 646 1089 714 ,,Μηνὶ
1123 649 1315 714 Μαρτίῳ
1343 647 1622 707 ἰνδικτιῶνος
1658 646 1702 705 ζ’
1738 646 2049 708 ἐπανέστησαν
2089 646 2126 694 οἱ
2164 641 2329 695 Οὖννοι
2364 645 2443 695 καὶ
2479 647 2519 696 οἱ

212 733 427 794 Σκλᾶβοι
446 738 503 801 τῇ
525 731 710 800 Θρᾴκῃ·
752 732 831 783 καὶ
868 734 1219 797 πολεμήσαντες
1244 736 1454 795 πολλοὺς
1479 735 1752 785 ἀπέκτειναν
1778 735 1858 784 καί
1882 751 2006 793 τινας
2029 734 2336 799 ἐπραίδευσαν·
2363 736 2442 784 τόν
2469 736 2518 785 δὲ

211 823 303 873 υἱον
329 824 524 888 Βάκχου
551 823 740 887 Σέργιον
780 823 859 871 τόν
886 823 1214 889 στρατηλάτην
1240 822 1317 873 καὶ
1344 824 1573 890 Ἐδέρμαν
1598 825 1856 889 μειζότερον
1883 821 2184 871 Καλοποδίου
2205 822 2517 890 ἐπραίδευσαν,

210 910 439 972 λαβόντες
478 909 644 968 αὖτοὺς
682 909 1027 975 αἰχμαλώτους.
1057 907 1204 977 Εὗρον
1245 913 1295 961 δὲ
1334 919 1415 961 τοῦ
1455 913 1636 977 τείχους
1662 909 2197 970 Κωνσταντινουπόλεως
2238 912 2407 970 τόπους
2433 929 2519 960 κα-

212 1000 595 1066 ταπεπτωκότας,
637 997 862 1048 κάκεῖθεν
902 998 1205 1059 εἰσελθόντες
1245 1001 1533 1067 κατέδραμον
1574 1003 1663 1060 ἕως
1703 1006 1783 1049 τοῦ
1811 997 1970 1065 Ἀγίου
2010 999 2319 1066 Στρατονίκου
2362 1042 2373 1053 ,
2416 1039 2429 1050 .
2471 1003 2515 1052 .“

386 1089 765 1152 TheophaniS
806 1088 1313 1154 Chronographia,
1355 1092 1614 1138 recensuit
1655 1087 1715 1141 C.
1747 1090 1811 1138 de
1850 1088 2012 1148 Boor,
2056 1087 2091 1157 Ι,
2132 1106 2182 1156 p,
2226 1102 2348 1153 233,
2392 1102 2512 1152 234:

212 1176 324 1245 ,,Τῷ
372 1174 412 1226 δ’
460 1175 582 1242 αὐτῷ
634 1177 725 1226 ἔτει
763 1177 1073 1238 ἐπανέστησαν
1113 1177 1152 1226 οἱ
1191 1173 1356 1226 Οὗννοι
1395 1175 1475 1226 καὶ
1514 1178 1554 1227 οἱ
1592 1176 1804 1238 Σκλάβοι
1843 1181 1899 1245 τῇ
1939 1174 2107 1245 Θρᾴκῃ
2145 1175 2319 1239 πλήθη
2359 1175 2523 1225 πολλὰ
2554 1188 2599 1232 p.
2624 1179 2726 1223 233.

211 1263 291 1315 καὶ
341 1264 638 1327 ἐπολέμησαν
690 1265 833 1326 αὐτὴν
883 1263 962 1314 καὶ
1005 1265 1218 1325 πολλοὺς
1258 1266 1499 1331 ἐφόνευσαν
1540 1264 1619 1315 καὶ
1665 1265 2056 1334 ᾐχμαλώτευσαν.
2099 1265 2285 1315 ἐπίασαν
2334 1266 2384 1314 δὲ
2440 1263 2520 1314 καὶ

209 1356 399 1421 Σέργιον
439 1354 519 1404 τὸν
559 1353 903 1420 στρατηλάτην,
942 1355 1021 1402 τ“ον
1061 1355 1153 1403 υἱον
1190 1356 1387 1420 Βάκχου
1427 1358 1506 1404 τοῦ
1545 1354 1868 1422 πρεσβυτέρου,
1907 1353 1983 1403 καὶ
2022 1354 2101 1404 τὸν
2140 1350 2384 1423 Ἐδερμᾶν,
2441 1354 2521 1404 τὶν

210 1443 466 1508 στρατηγὸν
503 1442 818 1510 Καλοποδίου,
860 1449 939 1492 τοῦ
980 1440 1283 1502 ἐνδοξοτάτου
1325 1442 1708 1510 κουβικουλαρίου
1751 1441 1831 1492 καὶ
1868 1443 2177 1509 πραιποσίτου.
2219 1443 2429 1508 εὑρόντες
2469 1443 2520 1492 δὲ

209 1538 290 1582 τοῦ
313 1532 497 1597 τείχους
522 1537 602 1581 τοῦ
627 1531 995 1581 Ἀναστασιακοῦ
1023 1533 1192 1591 τόπους
1221 1533 1344 1592 τινὰς
1383 1534 1695 1592 πεπτωκότας
1734 1533 1792 1582 ἐκ
1833 1537 1922 1581 τῶν
1962 1537 2174 1598 σεισμῶν,
2215 1530 2519 1591 εἰσελθόντες

209 1620 586 1688 ᾐχμαλώτευσαν
625 1622 713 1679 ἕως
752 1620 949 1685 Δρυπίας
987 1619 1064 1669 καὶ
1101 1622 1304 1686 Νυμφῶν
1342 1620 1419 1671 καὶ
1458 1622 1604 1671 Χίτου
1644 1624 1825 1684 κώμης·
1869 1618 1949 1670 καὶ
1986 1623 2155 1680 πάντες
2195 1621 2358 1686 ἔφυγον
2384 1621 2432 1670 ἐν
2457 1626 2514 1689 τῇ

208 1709 347 1759 πόλει
384 1709 503 1771 μετὰ
539 1713 631 1758 τῶν
669 1710 973 1775 ὑπαρχόντων
1013 1709 1180 1762 αὐτῶν.
1223 1716 1357 1759 τοῦτο
1399 1711 1449 1759 δὲ
1486 1709 1625 1774 γνοὺς
1664 1711 1688 1758 ό
1728 1709 1941 1770 βασιλεὺς
1983 1710 2264 1773 ἐδημότευσε
2309 1708 2523 1768 πολλοὺς

210 1797 292 1848 καὶ
329 1799 531 1862 ἔπεμψεν
570 1796 634 1857 εἰς
672 1798 724 1847 τ“ο
765 1798 940 1862 μακρόν
981 1801 1150 1863 τεῖχος·
1191 1796 1268 1847 καὶ
1306 1799 1673 1865 συγκρούσαντες
1710 1798 1920 1861 πόλεμον
1960 1799 2060 1848 ἐκεῖ
2083 1795 2259 1847 πολλοὶ
2281 1796 2522 1847 ἀπέθανον

209 1891 300 1937 τῶν
340 1885 580 1949 Ῥωμαίων
629 1884 708 1935 καὶ
764 1885 1044 1952 σχολαρίων.
1086 1887 1248 1936 λοιπὸν
1299 1887 1546 1937 ἐκέλευσεν
1593 1889 1616 1936 5
1667 1887 1884 1948 βασιλεὺς
1937 1885 2017 1937 καὶ
2056 1889 2425 1952 κατηνέχθησαν
2465 1886 2524 1936 τὰ

209 1975 382 2043 ἀργυρᾶ
422 1974 613 2042 κιβώρια
652 1973 732 2024 καὶ
769 1975 813 2025 αἱ
851 1972 972 2040 ἅγιαι
1011 1977 1226 2042 τράπεζαι
1253 1975 1297 2024 αἱ
1337 1975 1527 2042 ἀργυραῖ
1564 1976 1608 2025 αἱ
1647 1973 1737 2035 ἐ’ξω
1763 1981 1847 2038 τῆς
1886 1975 2091 2043 πόλεως,
2130 1974 2207 2025 καὶ
2230 1974 2524 2040 παρεφύλατ-

210 2082 290 2114 τον
316 2065 399 2123 τὰς
437 2066 611 2131 πόρτας
649 2066 798 2123 πάσας
836 2070 916 2113 τοῦ
956 2065 1140 2129 τείχους
1181 2071 1260 2114 τοῦ
1284 2063 1597 2114 Θεοδοσιακοΰ
1637 2065 1682 2114 αἱ
1721 2063 1893 2129 σχολαὶ
1931 2063 2011 2114 καὶ
2039 2065 2079 2114 οἱ
2106 2065 2403 2131 προτίκτορες
2445 2061 2525 2113 καὶ

210 2153 251 2202 οἱ
296 2151 487 2219 ἀριθμοὶ
523 2151 600 2202 καὶ
636 2157 759 2202 πάσα
797 2154 825 2215 ἡ
867 2153 1153 2218 σύγκλητος.
1197 2152 1302 2202 ἰδὼν
1353 2154 1404 2203 δὲ
1455 2155 1478 2201 5
1527 2153 1742 2215 βασιλεὺς
1783 2155 1849 2203 ὅτι
1887 2154 2165 2217 ἐπιμένουσιν
2206 2154 2246 2202 οἱ
2285 2152 2522 2220 βάρβαροι,

210 2241 432 2292 ἐκέλευσε
458 2241 727 2308 Βελισάριον
767 2242 845 2291 τον
884 2242 1123 2308 πατρίκιον
1163 2239 1380 2301 ἐξελθεῖν
1422 2239 1527 2291 κατ’
1568 2242 1718 2291 αὐτῶν
1759 2242 1874 2304 μετὰ
1913 2244 2082 2309 ἐτέρων
2121 2247 2207 2305 τῆς
2234 2241 2522 2307 συγκλήτου.

210 2332 233 2380 5
276 2331 326 2381 δὲ
362 2330 631 2397 Βελισάριος
670 2329 816 2390 ἐ’λαβε
854 2334 1003 2379 πᾶσαν
1044 2331 1126 2391 τὴν
1165 2332 1318 2398 ἵππον,
1361 2333 1443 2392 τήν
1484 2349 1534 2380 τε
1574 2329 1818 2392 βασιλικὴν
1859 2329 1938 2380 καὶ
1977 2338 2057 2381 τοῦ
2096 2331 2283 2380 ἱππικοῦ
2325 2327 2404 2379 καὶ
2428 2333 2520 2377 τῶν

210 2420 389 2486 εὒαγῶν
430 2419 573 2469 οἴκων
614 2417 694 2469 καὶ
731 2420 903 2478 παντὸς
942 2418 1211 2487 ἀνθρώπου,
1252 2421 1365 2469 ὅπου
1405 2417 1460 2482 ἦν
1498 2421 1648 2479 ἵππος·
1692 2417 1772 2468 καὶ
1810 2419 2005 2479 ὁπλίσας
2044 2419 2164 2469 λαόν
2204 2417 2416 2482 ἐξῆλθεν
2455 2416 2519 2476 εἰς

209 2510 346 2560 Χίτου
387 2512 566 2572 κώμην·
607 2506 685 2558 καὶ
723 2508 908 2570 ἐποίησε
947 2510 1155 2574 φωσάτον
1197 2507 1276 2558 καὶ
1313 2506 1487 2575 ἤρξατο
1526 2511 1695 2567 πιάζειν
1736 2506 1786 2568 ἐξ
1826 2509 1974 2558 αὐτῶν
2014 2509 2139 2568 τινὰς
2189 2506 2267 2558 καὶ
2305 2508 2520 2574 φονεύειν.

208 2597 286 2648 καὶ
324 2599 542 2647 ἐκέλευσε
578 2602 774 2661 κοπῆναι
813 2598 978 2664 δένδρα
1015 2596 1093 2646 καὶ
1130 2599 1355 2664 σύρεσθαι
1394 2597 1586 2647 ὄπισθεν
1626 2604 1706 2648 τοῦ
1746 2597 1987 2665 ἐξερκέτου
2027 2598 2195 2665 αὐτῶν,
2233 2595 2323 2646 καῖ’
2341 2597 2523 2661 ἐγένετο

210 2687 264 2738 ἐκ
302 2690 383 2738 τοῦ
422 2687 591 2750 ἀνέμου
628 2688 865 2752 κονιορτός
905 2689 1074 2755 μέγας,
1111 2685 1189 2736 καὶ
1227 2687 1398 2751 ἐπῆγεν
1438 2687 1592 2737 ἐπάνω
1633 2694 1723 2737 τῶν
1764 2688 2024 2755 βαρβάρων.
2068 2688 2108 2736 οἱ
2149 2687 2212 2755 δὲβ
2238 2685 2522 2750 νομίσαντες,

210 2778 279 2826 ὅτι
315 2777 509 2839 πλῆθος
547 2777 667 2825 πολύ
706 2775 828 2843 εἰσιν,
867 2776 1031 2841 ἐ’φυγον
1070 2774 1147 2825 καὶ
1183 2774 1345 2840 ἦλθον
1384 2774 1447 2835 εἰς
1488 2776 1546 2826 τὰ
1585 2778 1701 2843 μέρη
1746 2783 1826 2827 τοῦ
1867 2775 1995 2842 ἁγίου
2036 2776 2339 2843 Στρατονίκου
2381 2772 2444 2832 εἰς
2470 2773 2522 2822 τὸ

208 2868 430 2919 Δέκατον.
473 2867 711 2929 μαθόντες
751 2866 803 2914 δὲ
843 2866 899 2915 ἐκ
940 2870 1032 2914 τῶν
1055 2867 1382 2933 κατασκόπων,
1424 2866 1493 2915 ὅτι
1517 2866 1825 2932 παραφυλακὴ
1853 2866 2017 2928 πολλή
2044 2866 2162 2916 ἐστιν
2187 2864 2250 2924 εἷς
2291 2865 2351 2914 τὰ
2389 2862 2521 2927 τείχη

208 2954 736 3022 Κωσταντινουπόλεως,
755 2951 950 3025 Ηῆλθον
978 2953 1042 3013 εἷς
1060 2954 1117 3003 τὰ
1138 2957 1254 3021 μέρη
1277 2955 1570 3020 Τζουρουλοῦ
1608 2952 1685 3004 καὶ
1704 2955 2125 3022 Ἀρκαδιουπόλεως
2162 2954 2238 3004 καὶ
2277 2959 2357 3004 τοῦ
2397 2951 2527 3012 ἁγίου
2558 2965 2605 3010 p.
2629 2956 2731 3000 234.

209 3042 511 3112 Ἀλεξάνδρου
550 3047 801 3111 Ζουπαρῶν
851 3042 928 3093 καὶ
979 3045 1158 3106 ἔμειναν
1206 3044 1300 3094 ἐκεῖ
1345 3046 1732 3108 παρακαθήμενοι
1782 3047 1872 3105 ἕως
1929 3046 1982 3095 το
2023 3047 2152 3110 ἅγιον
2191 3046 2363 3109 πάσχα.
2404 3042 2545 3106 μετὰ

211 3134 261 3184 δὲ
301 3134 384 3195 τὴν
422 3134 590 3201 ἑορτὴν
629 3140 709 3183 τοῦ
749 3135 907 3199 πάσχα
947 3132 1157 3196 ἐξῆλθεν
1198 3135 1221 3182 5
1262 3132 1478 3194 βασιλεὺς
1516 3131 1594 3183 καὶ
1630 3132 1798 3194 πάντες
1838 3139 1921 3197 τῆς
1961 3133 2151 3194 πόλεως
2190 3133 2269 3182 σὺν
2309 3131 2434 3197 αὐτῷ
2477 3132 2522 3180 ἐν

211 3223 478 3291 Σηλυμβρίᾳ
517 3221 590 3273 ἐπὶ
628 3224 679 3273 το
722 3222 873 3273 κτίσαι
911 3224 964 3272 το
1005 3226 1161 3289 τεῖχος
1201 3223 1254 3271 τ“ο
1280 3224 1473 3290 μακρόν,
1514 3223 1630 3272 ὅθεν
1656 3223 1696 3272 οἱ
1717 3222 1939 3291 βάρβαροι
1962 3222 2206 3287 εἰσῆλθον.
2247 3221 2323 3272 καὶ
2348 3223 2524 3286 ἔμεινεν

213 3314 236 3361 5
276 3312 489 3374 βασιλεὺς
529 3313 628 3362 ἐκεῖ
665 3314 753 3371 ἕως
792 3318 870 3361 τοῦ
910 3311 1177 3376 Αὐγούστου
1218 3313 1378 3374 μηνός·
1421 3311 1591 3373 ὁμοίως
1629 3310 1706 3361 καὶ
1745 3312 1785 3361 οἱ
1824 3311 2047 3379 βάρβαροι
2084 3310 2176 3372 ἔξω
2215 3317 2298 3375 τῆς
2337 3311 2525 3370 πόλεως

212 3401 539 3468 περιεπόλευον
594 3404 683 3461 ἕως
723 3407 804 3451 τοῦ
843 3400 1128 3466 Αὐγούστου.
1170 3400 1333 3450 λοιπὸν
1374 3400 1620 3450 ἐκέλευσεν
1660 3403 1684 3449 5
1724 3400 1942 3463 βασιλεὺς
1980 3403 2204 3467 γενέσθαι
2242 3401 2386 3450 πλοῖα
2426 3401 2523 3450 διά-

213 3508 407 3557 πρυμνα,
448 3493 565 3541 ὥστε
604 3489 833 3540 ἀπελθεῖν
874 3489 939 3549 εἰς
993 3491 1071 3539 τ“ον
1112 3488 1329 3550 Δανοῦβιν
1369 3488 1446 3538 καὶ
1484 3489 1738 3553 ἀπαντῆσαι
1777 3493 1872 3549 τοῖς
1915 3490 2161 3558 βαρβάροις
2199 3497 2409 3557 περνοῦσι
2446 3488 2524 3538 καὶ

213 3578 474 3642 πολεμῆσαι
513 3580 691 3639 αὺτούς,
734 3585 870 3628 τοῦτο
910 3580 1099 3644 γνόντες
1141 3579 1181 3627 οἱ
1219 3577 1438 3645 βάρβαροι
1476 3579 1796 3644 παρεκάλεσαν
1837 3579 1909 3629 διὰ
1947 3578 2226 3646 πρεσβευτοῦ
2276 3580 2524 3637 ἀκινδύνως

215 3666 343 3717 ἐᾶσαι
397 3668 560 3727 αὖτοὺς
604 3672 796 3734 περᾶσαι
850 3669 929 3717 τὸν
971 3666 1207 3727 Δανοῦβιν.
1248 3665 1325 3716 καὶ
1374 3668 1575 3731 ἔπεμψεν
1614 3664 1873 3736 Ἰουστῖνον,
1930 3669 2007 3718 τὀν
2048 3669 2229 3734 ἀνεψιὸν
2269 3668 2406 3717 αὐτοῦ
2447 3665 2526 3716 καὶ

219 3755 585 3821 κουροπαλάτην,
628 3755 705 3806 καὶ
744 3758 956 3807 διέσωσεν
997 3755 1211 3815 αὒτούς.“

398 3869 431 3926 ¹)
461 3870 531 3915 Ta
555 3872 715 3927 Justin
739 3875 792 3928 je
823 3873 890 3917 bil
922 3873 1072 3917 neeak
1106 3873 1290 3926 cesarja
1319 3870 1617 3927 JustiniJana.
1650 3872 1726 3916 Ko
1751 3873 1804 3928 je
1835 3878 1882 3933 {a
1923 3873 2063 3932 umrI,
2087 3876 2140 3930 je
2180 3874 2341 3930 postal
2372 3873 2526 3932 Justin

224 3943 398 3997 njegov
429 3944 696 3989 naslednik.

400 4015 433 4071 ²)
464 4016 780 4073 Curopalates
827 4032 885 4064 so
932 4032 986 4064 se
1028 4019 1152 4064 zvali
1200 4018 1653 4076 dostojanstveniki‚
1699 4019 1750 4064 ki
1797 4033 1855 4065 so
1888 4021 2028 4066 liveli
2059 4034 2120 4066 na
2168 4023 2323 4067 dvoru
2365 4022 2525 4066 bizan-

228 4085 408 4131 tInskih
455 4092 683 4145 cesarjev.
731 4093 952 4138 Morebiti
1000 4106 1057 4138 so
1107 4093 1234 4136 imeli
1281 4092 1464 4137 skrbeti
1497 4104 1551 4136 za
1583 4094 1908 4150 postavljanje
1938 4096 1988 4139 in
2021 4097 2356 4153 popravljanje
2387 4096 2525 4153 pala&

225 4158 286 4201 ali
317 4172 377 4215 pa
409 4173 466 4205 so
497 4162 582 4205 bili
612 4165 806 4218 vojasski
839 4166 1119 4221 poveljniki.

2291 4236 2346 4273 10
