2872 4504
346 268 403 309 52
1409 248 1477 304 St.
1504 263 1574 303 57.

344 446 536 499 katere
586 439 784 507 zovejo
834 439 968 493 stari
1021 437 1403 506 zgodovinarji
1455 452 1526 488 na
1583 436 1759 489 vozeh
1816 451 1878 488 se
1930 435 2283 504 pomikajobe
2332 436 2408 488 ali
2446 435 2637 504 okrog

344 529 575 586 blodefze
612 527 951 594 Sauromate‚
990 526 1048 578 in
1085 523 1248 592 drugi
1284 523 1422 590 divji
1445 523 1660 593 rodovi,
1697 522 1759 575 ki
1797 523 1929 576 ondi
1966 538 2083 576 sem
2120 529 2205 576 ter
2240 523 2317 589 tja
2339 522 2530 591 pasejo
2556 523 2635 575 ali

343 636 415 690 pa
453 634 519 673 so
557 633 618 670 se
657 616 839 669 stalno
877 613 1113 666 naselili.

520 720 664 773 Prav
701 718 849 771 blizu
888 714 1138 782 trdnjave
1176 711 1479 784 (Palmatis)
1512 711 1570 780 je
1608 711 2120 783 (cesarJustinijan)
2149 713 2199 766 iz
2224 729 2372 767 nova
2391 714 2638 782 postavil‘

345 808 607 875 trdnjavo
645 807 844 873 Adino,
900 804 1007 857 ker
1058 818 1124 856 so
1181 803 1314 855 ondi
1371 802 1666 855 barbarski
1705 792 2019 855 Slovb'ni
2057 809 2391 869 ueprestano
2429 800 2637 870 preiali

343 914 415 952 na
465 893 735 959 tamossnje
784 890 1103 960 popotnike‚
1159 890 1448 943 skrivoma
1498 889 1582 955 jih
1633 890 1684 942 iz
1735 891 1932 943 zasede
1990 890 2244 957 napadali
2283 896 2368 943 ter
2404 889 2639 943 naredili

345 987 590 1040 ondotno
627 980 858 1035 okolico
885 978 1262 1047 nepristopnO.
1299 977 1516 1032 Sezidal
1538 977 1595 1041 je
1618 978 1735 1030 tudi
1760 976 2016 1043 trdnjavo
2034 977 2284 1031 Tilikion
2310 979 2369 1030 in
2392 993 2464 1046 pa
2485 979 2648 1047 grad,

348 1074 410 1127 ki
447 1087 509 1126 se
546 1069 745 1135 nahaja
783 1084 854 1122 na
895 1066 1042 1132 njeni
1080 1067 1238 1120 desni
1278 1067 1470 1119 strani.

522 1174 610 1228 Na
661 1179 717 1226 ta
767 1169 932 1225 nabin
981 1169 1037 1235 je
1088 1169 1256 1223 utrdil
1306 1184 1381 1237 po
1434 1168 1624 1238 Mysiji
1662 1167 1926 1239 (Moesiji)
1967 1169 2103 1236 breg
2140 1168 2277 1222 reke
2315 1168 2544 1222 Donave
2582 1168 2641 1221 in

347 1264 592 1332 njegovo
630 1261 878 1315 okolico.
916 1258 965 1312 V
1004 1257 1184 1323 Scitiji
1219 1257 1274 1324 je
1313 1257 1523 1325 najprej
1565 1258 1818 1323 trdnjava
1843 1272 1925 1309 sv.
1953 1257 2142 1324 Cirila‚
2180 1257 2378 1311 katero
2401 1254 2458 1323 je
2482 1271 2652 1310 cesar·

334 1350 635 1425 Justinijan
686 1365 756 1402 na
810 1363 961 1401 novo
1012 1346 1285 1414 popravil.
1324 1345 1559 1399 kolikor
1596 1361 1688 1400 mu
1723 1345 1780 1411 je
1819 1343 1916 1399 &as
1938 1344 2252 1413 ‘pripussffiaL
2308 1344 2551 1399 Unstran
2590 1351 2651 1398 te

342 1441 397 1509 je
435 1441 548 1494 bila
586 1438 732 1492 neka
769 1444 919 1490 stara
958 1434 1226 1502 trdnjava,
1265 1434 1512 1488 Ulmiton
1537 1449 1728 1493 zvaua,
1771 1433 1968 1486 katero
1997 1448 2064 1487 so
2090 1433 2322 1487 ondotni
2348 1433 2650 1487 barbarski·

347 1527 657 1585 Slovkni
711 1526 883 1593 dolgo
936 1522 1066 1577 (xasa
1113 1523 1279 1576 rabili
1329 1538 1394 1576 za
1444 1522 1566 1588 svoj
1627 1520 1805 1590 sedei,
1855 1522 1935 1575 ko
1975 1537 2041 1576 so
2080 1522 2342 1590 pustossili
2379 1537 2454 1590 po
2494 1520 2646 1588 njeni

347 1616 575 1673 okolici.
626 1612 910 1679 Trdnjava
958 1610 1013 1677 je
1071 1611 1183 1663 bila
1243 1626 1344 1663 vsa
1396 1611 1694 1663 razrussena
1732 1611 1790 1662 in
1828 1609 1921 1663 ni&
1970 1611 2218 1678 drugega
2255 1610 2314 1662 ni
2352 1610 2534 1663 ostalo
2573 1611 2651 1663 od·

348 1705 455 1773 nie,
498 1703 685 1758 kakor
724 1716 880 1755 samo
905 1701 1026 1754 ime.
1065 1699 1150 1753 Ko
1186 1698 1241 1765 J'e
1280 1700 1392 1752 bila
1431 1700 1504 1752 od
1542 1697 1762 1765 temelja
1800 1714 1902 1752 vsa
1940 1697 2316 1767 prenovljena,
2348 1697 2405 1764 je
2430 1699 2652 1766 postala-

347 1791 619 1858 tamossnja
656 1789 854 1856 zemlja
892 1803 1064 1841 varna
1102 1789 1238 1856 pred
1276 1789 1476 1855 napadi
1515 1788 1573 1840 in
1611 1787 1908 1840 nakanami
1948 1786 2022 1841 Sl
2044 1789 2349 1840 ovknov.

524 1909 796 1973 Procopii
838 1908 924 1958 De
977 1906 1262 1957 aedificiis
1316 1904 1439 1974 (περὶ
1480 1904 1763 1974 κτισμάτων)
1805 1905 1890 1964 lv,
1933 1921 1975 1959 c.
2026 1925 2041 1955 1
2091 1903 2278 1975 (Corp.
2319 1908 2492 1966 script.
2532 1905 2658 1959 hist..

348 2001 577 2070 Byzant.‚
595 1997 786 2055 XVIII,
814 2012 911 2048 rec.
938 1994 1179 2059 Dindorf‚
1211 2013 1259 2060 p.
1291 1994 1439 2061 264):
1489 1995 1737 2058 ,Πέλαγος
1765 1996 1886 2059 μέγα
1926 1992 1998 2057 νηὶ
2038 1994 2302 2044 διαπλεῦσαι
2342 1994 2660 2061 ἀπαρασκεύῳ.

348 2089 596 2155 μοχθηρόν
636 2105 688 2135 τε
724 2087 923 2150 ἠγοῦμαι
961 2081 1074 2133 εἶναι
1113 2082 1192 2133 καὶ
1228 2084 1445 2132 κινδύνων
1485 2084 1704 2147 μεγάλων
1744 2082 1953 2148 ἀτεχνῶς
1993 2083 2227 2146 ἔμπλεων.
2283 2084 2422 2132 ταῦτο
2463 2084 2514 2133 δέ
2556 2084 2661 2133 ἐστι.

350 2178 433 2236 τὰς
471 2174 785 2225 Ἰουστινιανοϋ
839 2172 1069 2234 βασιλέως
1109 2171 1374 2233 οἰκοδομίας
1414 2171 1548 2237 λόγῳ
1587 2171 1863 2237 φαυλοτάτῳ
1905 2172 2297 2238 διαμετρήσασθαι
2337 2211 2348 2221 .
2391 2210 2403 2221 .
2445 2210 2457 2221 .
2511 2173 2624 2212 *tw*

2526 2200 2651 2236 0²5³·

350 2283 481 2328 νηται
518 2264 607 2330 γὰρ
648 2259 844 2321 ἐπαξίως
883 2262 949 2327 τῷ
999 2279 1050 2310 τε
1104 2263 1400 2325 γειτονήματι
1452 2262 1662 2323 ποταμοῦ
1703 2258 1885 2326 Ἴστρου
1926 2258 2006 2309 καὶ
2058 2265 2114 2327 τῇ
2174 2260 2368 2310 ἐνθένδε
2420 2260 2492 2309 διὰ
2546 2260 2663 2319 τοὺς·

351 2355 647 2418 ἐγκειμένους
686 2356 742 2413 τῆ
782 2354 916 2417 χώρα
955 2349 1214 2415 βαρβάρους
1255 2348 1455 2415 ἀνάγκῃ.
1498 2350 1619 2411 ἔθνη
1659 2349 1749 2415 γὰρ
1790 2349 1904 2416 αὐτῇ
1943 2352 2237 2413 γειτονούντα
2278 2348 2665 2414 διακεκλήρωται.

353 2442 553 2494 Οὑννικά
592 2458 642 2489 τε
683 2437 762 2488 καὶ
799 2438 1028 2504 Γοτθικὰ,
1085 2436 1164 2487 καὶ
1203 2439 1260 2486 τά
1299 2438 1347 2486 ἐν
1387 2439 1579 2503 Ταύροις
1620 2436 1699 2486 καὶ
1738 2438 1796 2486 τὰ
1837 2438 1882 2486 ἐν
1923 2439 2135 2496 Σκύθαις
2187 2437 2398 2504 ἁνταίρει,
2454 2436 2534 2487 καὶ
2574 2439 2657 2486 Ξσα

352 2526 616 2591 Σκλαβηνοὶ
670 2525 749 2576 καὶ
787 2529 871 2575 ὅσα
911 2526 1057 2592 ἀλλα,
1105 2526 1202 2575 εἴτε
1242 2527 1544 2592 Σαυρομάτας
1584 2523 1862 2587 ἁμαξοβίους
1915 2526 2007 2575 εἴτε
2061 2524 2347 2588 μετανάστας
2404 2530 2547 2576 ταῦτα
2599 2526 2665 2587 δὴ,

354 2618 557 2669 ἐκάλουν
614 2617 671 2665 τὰ
724 2617 844 2679 ἔθνη
900 2616 940 2665 οἱ
994 2620 1084 2665 τῶν
1123 2616 1329 2680 ἱστοριῶν
1369 2614 1741 2681 ἀναγραψάμενοι
1780 2615 1839 2664 τά
1879 2613 2178 2681 ἀρχαιότατα,
2232 2613 2312 2664 καὶ
2373 2615 2414 2664 εἴ
2450 2633 2491 2664 τι
2530 2614 2665 2664 ἀλλο

353 2707 588 2773 θηριῶδες
628 2704 892 2770 ἀνθρώπων
930 2705 1066 2769 γένος
1104 2707 1133 2764 ἢ
1175 2705 1412 2770 νέμεσθαι,
1451 2707 1480 2764 ἢ
1519 2703 1732 2769 ἱδρύσθαι
1770 2704 1978 2753 ἐνταῦθα
2019 2702 2298 2766 ξυμβαίνει.“

535 2809 659 2871 Ibid.
685 2807 773 2865 IV,
805 2824 844 2859 c.
873 2823 905 2873 7
947 2805 1000 2876 (Ι.
1029 2823 1070 2859 e.
1096 2825 1144 2872 Ρ.
1175 2804 1320 2873 293):
1364 2847 1393 2874 ,,
1436 2847 1446 2857 .
1490 2847 1500 2857 .
1544 2847 1554 2857 .
1599 2802 1649 2855 οὗ
1690 2807 1747 2868 δὴ
1788 2807 1986 2872 ἄγχιστα
2026 2805 2106 2856 καὶ
2127 2808 2334 2873 φρούριον
2359 2803 2525 2856 Ἀδινα
2553 2824 2671 2855 και-·

356 2901 610 2965 νουργήσας
649 2897 879 2962 ἐδείματο,
934 2893 1032 2945 ἐπεὶ
1078 2881 1287 2958 διηνεκὲς
1329 2895 1723 2954 διαλανθάνοντες
1763 2893 2034 2958 Σκλαβηνοὶ
2071 2894 2293 2962 βάρβαροι
2333 2896 2541 2945 ἐνταῦθα
2582 2892 2671 2944 καὶε

356 2987 670 3052 ἐνεδρεύοντες
710 2986 1045 3051 κεκρυμμένως
1085 2983 1155 3033 ἀεὶ
1194 2985 1301 3043 τοὺς
1342 2985 1452 3051 τῇδε
1493 2983 1645 3043 ἰόντας
1685 2982 1837 3045 άβ-ατα
1876 2985 2054 3033 ἐποίουν
2096 2984 2154 3033 τὰ
2191 2985 2348 3052 ἐκείνῃ
2374 2985 2540 3051 χωρία.
2583 2982 2666 3034 καὶ

357 3076 562 3141 φρούριον
604 3074 653 3122 δὲ
692 3074 744 3122 το
785 3072 1004 3121 Τιλικίων
1045 3072 1402 3139 ᾠκοδομήσατο,
1444 3071 1523 3121 καὶ
1562 3072 1699 3121 αύτοϋ
1741 3074 1787 3122 ἐν
1827 3071 2040 3140 ἀριστερᾷ
2079 3073 2289 3134 κείμενον
2329 3074 2486 3140 ἐ’ρυμα.

535 3177 671 3226 Ούτω
711 3177 794 3238 μὲν
842 3174 921 3224 καὶ
961 3176 1136 3234 Μυσοῖς
1175 3175 1233 3224 τὰ
1274 3175 1554 3241 ὀχυρώματα
1593 3176 1665 3224 ἐπί
1704 3193 1754 3224 τε
1794 3180 1877 3238 τῆς
1918 3175 2067 3238 ἀκτῖς
2107 3182 2188 3224 τοῦ
2227 3182 2437 3237 ποταμοῦ
2479 3173 2670 3242 Ἴστρου

361 3268 469 3330 ἐ’σχε
510 3264 590 3315 καὶ
628 3267 799 3326 ταύτης
839 3264 1049 3326 πλησίον.
1091 3262 1164 3312 ἐπὶ
1203 3266 1400 3323 Σκύθας
1442 3265 1491 3313 δὲ
1532 3266 1584 3314 τ“ο
1640 3265 1804 3313 λοιπον
1856 3263 2109 3326 βαδιοῦμαι·
2166 3266 2288 3314 ἔνθα
2343 3265 2399 3326 δὴ
2455 3267 2664 3332 φρούριον

359 3359 542 3421 πρῶτον
580 3353 818 3419 Κυρίλλου
858 3353 987 3416 ἁγίου
1027 3353 1265 3414 ἐπώνυμόν
1304 3354 1440 3419 ἐστιν,
1482 3349 1619 3419 οὗπερ
1659 3353 1718 3402 τὰ
1757 3355 2058 3415 πεπονηκότα
2097 3354 2163 3419 τῷ
2221 3355 2377 3420 χρόνῳ
2429 3353 2666 3419 ἀνῳκοδο-

362 3446 540 3505 μήσατο
603 3441 688 3490 οὒκ
743 3440 1118 3503 ἀπημελημένως
1172 3438 1488 3500 Ἰουστινιανος
1541 3440 1771 3502 βασιλεύς.
1827 3442 2033 3490 ἐπέκεινά
2082 3459 2133 3490 τε
2172 3442 2309 3490 αυτοῦ
2359 3439 2415 3503 ἦν
2467 3442 2551 3504 μὲν
2606 3442 2665 3490 ἐκ

360 3530 558 3579 παλαιοῦ
598 3529 833 3595 ὀχύρωμα,
874 3529 1120 3590 Οὺλμιτῶν
1161 3529 1321 3595 ὄνομα,
1361 3528 1605 3595 βαρβάρων
1631 3530 1682 3578 δὲ
1708 3528 2002 3591 Σκλαβηνῶν
2029 3528 2103 3578 ἐπὶ
2137 3531 2306 3595 χρόνου
2331 3535 2485 3592 μῆκος
2511 3529 2666 3597 ἐκείνῃ

363 3618 446 3676 τὰς
486 3617 673 3682 ἐνέδρας
711 3618 1044 3682 πεποιηκότων,
1086 3616 1314 3682 διατριβήν
1339 3635 1389 3666 τε
1425 3617 1593 3667 αὐτόθι
1631 3615 1704 3666 ἐπὶ
1738 3619 2035 3683 μακρότατον
2074 3617 2365 3684 ἐσχηκότων,
2405 3618 2575 3683 ἔρημόν
2615 3634 2666 3666 τε

362 3707 619 3754 παντάπασι
655 3706 838 3771 γέγονε,
879 3703 958 3753 καὶ
997 3704 1126 3753 οὐδὲν
1167 3706 1304 3753 αὺτοῦ
1345 3706 1413 3754 ὅτι
1451 3706 1515 3767 μὴ·
1557 3707 1608 3755 τ“ο
1650 3707 1810 3772 ὄνομα,
1850 3705 2096 3754 ἐλέλειπτο
2138 3707 2217 3755 ἔτι.
2258 3705 2371 3754 όλον
2411 3705 2558 3755 τοίνυν
2614 3706 2669 3753 ἐκ

362 3791 600 3853 θεμελίων
656 3793 943 3858 δειμάμενος,
998 3792 1235 3858 ἐλεύθερα
1291 3798 1376 3855 τῆς
1424 3798 1515 3842 τῶν
1555 3793 1847 3855 Σκλαβηνῶν
1887 3794 2145 3852 ἐπιθέσεώς
2184 3811 2235 3842 τε
2274 3791 2367 3842 καὶ·
2416 3792 2672 3855 ἐπιβουλῆς

366 3881 682 3940 κατεστήσατο
724 3875 834 3928 εἶναι
875 3880 933 3928 τὰ
971 3880 1129 3947 ἐκείνῃ
1167 3880 1366 3946 χωρία.“
