2872 4504
153 659 198 703 p.
225 650 326 692 169.

152 1717 200 1761 p.
227 1708 327 1749 170.

140 3602 185 3645 p.
212 3592 342 3633 1012.

361 281 446 323 156
1419 265 1486 319 St.
1520 281 1619 320 118.

360 471 612 506 cessuros.
655 454 706 503 hi
762 457 973 520 repertis
1023 454 1271 504 Sclavinis
1313 454 1534 502 multam
1575 453 1887 502 ducentibus
1928 452 2228 502 Romanam
2270 455 2512 521 praedam
2554 455 2651 505 hos

361 547 692 611 insequentes
720 544 1022 592 occiderunt
1048 543 1317 608 multaque
1344 542 1534 606 praeda
1556 553 1758 606 recepta
1786 541 2034 591 Roma'l‘ca
2076 542 2338 591 redierunt
2377 543 2440 591 ad
2482 550 2648 592 rura.“

538 631 648 680 Ibid
708 633 770 697 sp.
821 632 934 697 169,
995 628 1136 697 17o):
1199 629 1432 690 „Quinto
1486 630 1692 678 decimo
1747 631 1948 696 imperii
2011 629 2249 680 Mauricii
2313 646 2452 679 anno
2500 630 2651 679 Petro

360 721 692 768 venationem
757 721 1008 767 exercenti
1072 734 1160 766 sus
1215 720 1426 784 agrestis
1490 719 1695 766 obviarn
1762 720 1985 766 occurrit
2039 718 2338 784 pedemque
2392 720 2550 783 ipsius
2590 719 2654 766 ad

363 809 602 856 arborem
661 808 1040 873 conquassavit,
1096 817 1145 854 et
1186 805 1604 871 importabilibus
1645 805 1916 854 doloribus
1958 806 2125 854 multo
2166 815 2403 871 tempore
2444 806 2656 871 languit.

362 906 438 944 ast
495 897 777 960 imperator
834 895 1010 943 litteris
1066 896 1304 959 pessimis
1358 904 1407 942 et
1462 895 1793 958 improperiis
1840 893 2081 959 gravibus
2121 897 2164 941 ei
2206 894 2421 942 detraxit
2460 893 2654 952 audito,

362 983 508 1050 quod
563 983 758 1031 multae
800 981 1161 1031 Sclavinorum
1204 993 1382 1047 gentes
1424 980 1616 1030 fuerint
1656 992 1836 1030 contra
1875 980 2188 1050 Byzantium
2232 992 2421 1033 motae.
2476 981 2656 1031 Petrus

362 1081 536 1118 autem
568 1081 779 1119 coactus
819 1070 995 1118 Novas
1036 1072 1283 1135 pervenit.
1317 1112 1325 1120 .
1359 1111 1369 1121 .
1397 1109 1409 1120 .
1439 1071 1721 1134 praemittit
1760 1067 1849 1138 (sc.
1878 1067 2081 1136 Petrus)
2121 1080 2381 1134 praeterea
2425 1070 2565 1117 mille
2594 1070 2658 1118 ad

362 1159 759 1222 explorandum,
817 1160 906 1224 qui
966 1157 1218 1223 Vulgares
1267 1167 1665 1223 consequuntur
1705 1172 1926 1206 numero
1970 1158 2125 1207 mille.
2182 1172 2364 1205 verum
2407 1155 2658 1222 Vulgares

360 1245 437 1295 fisi
466 1261 622 1312 super
649 1262 774 1311 pace
799 1245 1014 1312 chagani
1045 1248 1209 1294 securi
1236 1246 1535 1310 pergebant.
1565 1244 1793 1294 Romani
1822 1255 1994 1294 autem
2026 1247 2075 1293 in
2103 1244 2354 1312 Vulgares
2396 1247 2657 1311 impetum

362 1334 640 1392 faciebant;
700 1336 790 1401 qui
844 1337 1059 1383 mittunt
1112 1336 1251 1382 viros
1308 1345 1509 1399 septem
1551 1343 1952 1383 commonentes
1994 1349 2176 1399 pacem
2222 1335 2438 1381 minime
2479 1333 2660 1382 dissol-

361 1423 600 1474 vendam.
641 1421 737 1471 hos
778 1422 1047 1471 audientes
1088 1421 1156 1482 hi,
1196 1424 1284 1488 qui
1329 1432 1739 1486 praecurrerunt,
1782 1419 2073 1487 significant
2112 1420 2239 1470 haec
2280 1423 2530 1487 praetori;
2570 1423 2660 1487 qui

362 1511 511 1559 dixit:
570 1526 699 1576 „nec
755 1513 794 1558 si
857 1512 1141 1575 imperator
1197 1512 1406 1573 venerit,
1465 1508 1587 1558 huic
1649 1507 1907 1574 parcam.“
1968 1511 2336 1576 congressione
2375 1524 2500 1557 vero
2542 1508 2660 1557 belli

363 1597 541 1648 effecta
581 1598 809 1648 Romani
851 1609 1136 1648 vertuntur.
1160 1599 1249 1647 sed
1290 1599 1491 1648 barbari
1534 1614 1640 1647 non
1683 1601 1938 1663 persecuti
1979 1608 2102 1646 sunt
2141 1614 2247 1650 eos„
2291 1613 2354 1645 ne
2395 1599 2663 1646 vincentes

363 1689 638 1737 discrimen
685 1690 1020 1739 incurrerent.
1045 1703 1204 1753 porro
1231 1698 1439 1753 praetor
1478 1686 1800 1736 taxiarchum
1838 1682 1856 1756 Η
1894 1689 2338 1752 praecurrentium
2374 1684 2665 1752 flagellavit.

362 1789 411 1827 et
450 1775 552 1825 hoc
593 1786 864 1840 comperto
908 1775 1173 1842 chaganus
1203 1776 1401 1841 legatos
1429 1775 1492 1823 ad
1523 1774 1732 1824 Petrum
1760 1775 1983 1824 destinat
2010 1776 2363 1840 inceptionem
2393 1789 2662 1831 accusans,

362 1881 411 1917 et
439 1857 584 1935 quod
611 1865 836 1914 Romani
879 1867 988 1912 sine
1031 1866 1160 1913 iusta
1201 1879 1356 1912 causa
1398 1879 1580 1928 pacem
1621 1863 1977 1915 dissolverent.
2018 1873 2069 1911 at
2107 1877 2230 1911 vero
2274 1861 2452 1911 Petrus
2493 1860 2662 1909 verbis

361 1957 667 2006 seductoriis
696 1970 819 2002 usus
850 1969 955 2002 non
986 1969 1038 2001 se
1065 1955 1218 2001 scisse
1249 1955 1540 2001 motionem
1584 1949 1818 2018 affirmat,
1857 1951 2083 2017 duplicia
2124 1962 2298 2000 tamen
2339 1951 2460 1999 dare
2500 1949 2666 2014 spolia

363 2048 603 2095 universa
644 2053 916 2109 procurat3
973 2043 1152 2108 sicque
1194 2041 1394 2089 barbari
1447 2042 1648 2089 amissis
1690 2041 1870 2107 spoliis
1910 2041 2071 2105 dupla
2112 2051 2250 2089 sorte
2290 2040 2511 2105 receptis
2551 2039 2665 2103 paci

364 2134 665 2184 consulunt.
711 2131 996 2197 petrusque
1039 2139 1219 2178 contra
1259 2128 1614 2195 Peragastum,
1657 2127 2022 2178 Sclavinorum
2064 2126 2362 2185 exarchum,
2404 2136 2666 2194 properat;

365 2234 415 2271 et
440 2223 636 2270 barbari
665 2223 796 2269 circa
824 2221 990 2285 ripam
1021 2217 1253 2267 fluminis
1282 2217 1405 2266 huic
1446 2219 1584 2266 obvii
1627 2216 1743 2267 facti
1786 2217 2135 2283 prohibebant
2173 2218 2402 2268 transire.
2440 2215 2667 2265 Romani

363 2326 485 2359 vero
529 2327 554 2357 a
598 2308 736 2357 iretis
776 2309 1074 2375 sagittantes
1114 2306 1211 2355 hos
1260 2317 1579 2365 averterunt;
1621 2307 1814 2374 quibus
1856 2309 1906 2355 in
1948 2304 2128 2372 fugam
2169 2307 2327 2354 versis
2385 2305 2671 2370 percutitur

365 2401 453 2448 ilio
510 2398 815 2463 Peragastus
875 2407 924 2445 et
979 2398 1201 2444 moritur
1261 2406 1586 2444 transeuntes
1641 2406 1816 2443 autem
1876 2394 2106 2449 Romani
2159 2393 2408 2461 praedam
2449 2392 2668 2441 multam

366 2497 617 2553 ceperunt
646 2497 694 2535 et
732 2485 796 2534 ad
837 2487 1050 2551 propria
1090 2494 1401 2535 remearunt.
1443 2485 1842 2551 errantibusque
1882 2483 2194 2533 ductoribus
2234 2493 2284 2531 et
2324 2484 2373 2530 in
2417 2483 2672 2548 inaquosa

367 2576 712 2625 incidentibus
772 2574 886 2623 loca
943 2574 1327 2639 periclitabatur
1378 2575 1646 2623 exercitus.
1687 2587 1864 2640 porro,
1918 2588 2038 2621 cum
2095 2574 2189 2621 iter
2240 2580 2450 2638 agerent
2491 2579 2668 2626 noctu,

366 2667 584 2713 veniunt
609 2664 673 2712 ad
701 2678 910 2711 amnem
942 2661 1198 2710 Heliciam
1227 2662 1461 2726 dictum3
1503 2676 1626 2710 cum
1668 2675 1790 2710 vero
1832 2660 1981 2709 dumi
2020 2671 2160 2709 trans
2202 2658 2394 2708 fretum
2437 2655 2672 2706 fluminis

367 2763 552 2808 essent,
597 2752 795 2801 barbari
838 2753 888 2798 in
931 2749 1010 2798 his
1050 2749 1339 2798 absconditi
1382 2765 1492 2810 eos,
1556 2751 1645 2816 qui
1687 2748 1997 2799 hauriebant
2035 2764 2249 2816 aquam,
2300 2745 2675 2796 iaculabantur.

371 2858 558 2907 magna
582 2842 737 2906 igitur
762 2839 1000 2888 molestia
1029 2837 1294 2887 Roma’icis
1324 2836 1502 2887 effecta
1530 2838 1724 2886 militiis
1765 2840 1815 2885 in
1860 2835 2040 2903 fugam
2080 2847 2353 2885 vertuntur
2392 2818 2420 2884 a
2447 2834 2674 2884 barbaris

370 2931 627 2981 debellati.
672 2944 851 2977 verum
880 2927 1163 2976 Mauricius
1203 2926 1284 2977 his
1324 2927 1515 2975 auditis
1558 2926 1767 2976 Petrum
1809 2936 2050 2992 praetura
2090 2927 2311 2992 privavit
2350 2934 2400 2973 et
2440 2922 2673 2972 Priscum

371 3030 662 3085 praetorem
706 3016 941 3066 Thracae
983 3017 1159 3065 denuo
1202 3018 1387 3067 misit.“

550 3120 812 3172 Historia
867 3120 1150 3180 miscella,
1211 3119 1298 3171 lib.
1343 3117 1486 3168 XVII
1539 3117 1754 3187 (Migne,
1813 3117 2156 3185 patrologiae,
2211 3116 2316 3166 Ser.
2356 3117 2460 3178 lat,
2512 3111 2677 3177 XCV,

373 3227 424 3276 p.
481 3207 660 3276 1012):
723 3208 960 3273 „Quarto
1018 3208 1225 3257 decimo
1284 3209 1486 3274 imperii
1544 3206 1778 3256 Mauricii
1837 3223 1976 3256 anno
2151 3203 2399 3272 Cumque
2456 3205 2680 3253 venisset

374 3297 448 3367 (sc
493 3295 695 3365 Petrus)
725 3297 1178 3363 Marcianopolim,
1220 3297 1390 3364 dirigit
1418 3296 1559 3344 mille
1600 3311 1981 3363 praecessurOS,
2021 3296 2111 3362 qui
2154 3297 2366 3359 repertis
2408 3291 2675 3350 Sclavinis,

376 3387 597 3436 multam
625 3387 935 3436 ducentibus
964 3385 1260 3434 Romanam
1292 3385 1556 3450 praedam,
1585 3383 1683 3434 hos
1710 3387 2043 3451 insequentes
2063 3384 2380 3450 occiderunt,
2408 3381 2679 3448 multaque

376 3476 564 3540 praeda
597 3484 827 3539 recepta,
871 3474 1162 3523 Romanica
1202 3474 1435 3522 redditur
1475 3473 1538 3522 ad
1581 3470 1750 3522 rura.“

554 3562 680 3615 lbid.
714 3562 955 3631 (p.-1012
1033 3559 1217 3629 1013):
1263 3561 1656 3630 „Quindecimo
1697 3563 1899 3626 imperii
1942 3559 2178 3609 Mauricii
2219 3575 2359 3608 anno
2401 3558 2553 3607 Petro
2595 3574 2684 3606 ve-

381 3654 647 3701 nationem
678 3653 929 3700 exercenti
959 3667 1048 3699 sus
1074 3652 1285 3718 agrestis
1310 3651 1521 3699 obviam
1545 3651 1783 3717 occurrit,
1822 3649 2120 3715 pedemque
2162 3648 2298 3696 illius
2339 3647 2404 3695 ad
2443 3647 2682 3696 arborem

322 3732 326 3733 ⁷
381 3742 763 3807 conquassavit,
815 3750 864 3787 et
911 3739 1332 3805 importabilibus
1388 3738 1663 3787 doloribus
1705 3737 1875 3786 multo
1916 3747 2157 3801 tempore
2199 3736 2414 3800 languit.
2454 3738 2550 3783 Ast
2588 3736 2683 3781 im-

145 4028 190 4071 p.
223 4020 355 4059 1013.

380 3837 589 3894 perator
637 3827 813 3876 litteris
855 3829 1111 3892 pessimis,
1166 3837 1216 3876 et
1255 3828 1588 3893 improperiis
1629 3825 1872 3891 gravibus
1914 3827 1957 3872 ei
1999 3824 2231 3881 detraxit,
2284 3822 2481 3881 audito,
2538 3822 2685 3889 quod

384 3917 578 3966 multae
635 3927 812 3981 gentes
868 3914 1230 3965 Sclavinorum
1285 3926 1465 3964 contra
1518 3914 1828 3983 Byzantium
1871 3924 2046 3962 motae
2089 3911 2294 3961 fuerint.
2340 3911 2521 3960 Petrus
2562 3926 2684 3960 vero

390 4015 600 4053 coactus
642 4003 817 4052 Novas
858 4005 1109 4069 pervenit.
1143 4041 1152 4050 .
1183 4043 1195 4055 .
1220 4042 1231 4053 .
1255 3999 1270 4071 Ιξ
1294 4043 1306 4054 .
1336 4041 1346 4051 .
1375 4043 1388 4054 .
1414 4003 1702 4068 Petrusque
1759 4011 1940 4050 contra
1996 3999 2276 4049 exarchum
2335 3999 2685 4065 Ardagastum

383 4089 523 4161 (sicl)
552 4102 810 4157 properat,
855 4102 903 4139 et
932 4092 1131 4140 barbari
1172 4094 1303 4140 circa
1345 4093 1510 4156 ripam
1554 4088 1787 4139 fluminis
1827 4087 1950 4138 huic
1992 4089 2131 4138 obvii
2174 4086 2291 4137 facti
2334 4086 2686 4152 prohibebant

386 4182 614 4230 transire.
665 4178 891 4228 Romani
950 4195 1071 4228 vero
1125 4197 1153 4228 a
1201 4177 1341 4228 fretis
1383 4180 1698 4244 sagittantes,
1761 4176 1858 4226 hos
1899 4187 2123 4244 vertunt,
2174 4177 2370 4243 quibus
2412 4177 2461 4224 in
2505 4173 2684 4241 fugam
