2872 4504
142 2251 190 2296 p.
214 2240 315 2285 597.

143 2517 190 2562 p.
215 2507 315 2549 600.

145 3051 193 3096 p.
216 3041 316 3083 601.

146 4111 192 4155 p.
216 4102 315 4143 602.

356 271 412 312 50
1198 281 1203 284 ·
1397 266 1463 311 St.
1495 269 1566 310 5⁴.

353 447 478 499 niso
518 461 759 512 pravega
787 445 1012 512 vzroka,
1050 447 1119 496 da
1158 459 1218 496 se
1256 441 1480 496 namre6
1519 441 1734 510 upirajo
1775 446 2024 511 posebno
2062 449 2227 499 zarad
2265 447 2648 503 frankovskih

354 534 551 586 koristi
593 534 649 586 in
675 535 838 586 zarad
864 532 1020 598 svoje
1058 532 1474 595 naklonjenosti
1515 533 1587 584 do
1631 530 1837 599 Gotov3
1878 531 1983 599 pa&
2009 548 2079 600 pa
2114 549 2180 587 so
2209 537 2429 589 navedli
2456 537 2650 590 nekak

352 623 652 675 navidezen
691 622 937 689 izgovor‚
977 623 1046 673 da
1084 619 1228 687 pelje
1268 617 1510 688 (Narzet)
1551 634 1579 671 s
1604 617 1756 685 seboj
1799 620 1916 672 tudi
1954 619 2331 692 Langobarde,
2370 623 2486 690 njih
2525 624 2647 691 naj-

352 710 509 777 hujsse
547 709 894 763 sovrainike.

481 837 486 841 -
527 799 714 852 Totila
749 797 803 863 je
824 798 1008 862 mislil,
1049 798 1118 849 da
1145 811 1213 848 ne
1253 797 1400 848 bodo
1421 795 1592 862 mogli
1614 796 1920 849 Bizantinoi
1954 800 2204 864 potovati
2236 801 2404 868 poleg
2424 800 2650 867 obreija

350 887 628 956 Jonskega
679 887 864 958 zaliva'
897 884 1303 955 (Jadranskega
1343 883 1558 954 merja),
1611 885 1716 937 ker
1766 884 1933 951 imajo
1988 888 2229 940 ondotne
2268 889 2475 956 plovne
2513 889 2650 943 reke

345 975 484 1041 jako
524 975 748 1028 obssirne
786 974 967 1042 izlive‚
1020 973 1077 1024 in
1116 979 1240 1025 zato
1278 973 1396 1025 tudi
1444 973 1500 1024 ni
1553 971 1740 1038 nikJ'er
1778 973 2012 1040 mogofze
2050 975 2226 1028 hoditi
2265 992 2338 1044 po
2377 976 2634 1043 tamossnji

350 1063 546 1128 zemlji.
584 1062 794 1115 Toliko
833 1061 975 1114 bark
1027 1077 1096 1128 pa
1136 1061 1251 1113 tudi
1289 1060 1510 1130 nimaj0‚
1560 1063 1630 1113 da
1670 1061 1725 1113 bi
1775 1060 1874 1126 jim
1914 1063 2028 1115 bilo
2067 1063 2302 1132 mogofze
2341 1067 2646 1133 prebroditi

349 1168 380 1205 z
433 1167 538 1204 vso
578 1150 782 1216 vojsko
823 1150 1033 1220 Jonski
1070 1150 1216 1202 zaliv
1274 1149 1618 1220 (Jadransko
1659 1148 1870 1220 morje).
1923 1137 2052 1204 Ako
2092 1153 2147 1204 bi
2186 1168 2247 1206 se
2286 1169 2357 1220 pa
2405 1154 2460 1207 le
2498 1156 2648 1208 malo

350 1240 598 1307 vojakov
635 1239 941 1307 prepeljalo
981 1237 1092 1307 ὄεΖ,
1132 1239 1186 1290 bi
1228 1239 1402 1291 lahko
1431 1254 1461 1291 z
1486 1239 1668 1292 ostalo
1708 1239 1871 1304 svojo
1897 1239 2102 1305 vojsko
2126 1241 2420 1295 vsakikrat
2445 1243 2652 1310 odgnal

349 1329 491 1390 tiste,
530 1329 708 1381 kateri
734 1329 790 1380 bi
829 1327 1085 1394 izstopili.
1124 1327 1287 1381 Tako
1322 1325 1379 1393 je
1406 1327 1577 1380 mislil
1600 1327 1785 1381 Totila
1810 1334 1894 1381 ter
1916 1329 2008 1381 dal
2033 1344 2198 1382 razne
2223 1329 2415 1399 ukaze,
2449 1331 2642 1385 katere

344 1417 400 1483 je
438 1416 575 1482 Teja
612 1416 820 1469 izvrssil.
860 1445 929 1453 -—
970 1415 1055 1468 Ko
1089 1414 1145 1480 je
1183 1416 1262 1468 bil
1299 1414 1504 1469 Narzet
1543 1431 1579 1468 v
1617 1416 1794 1468 veliki
1831 1416 2071 1485 zadregi,
2108 1416 2164 1484 je
2205 1420 2459 1471 svetoval
2498 1419 2652 1489 Ivan,

349 1503 569 1577 (neffiak)
608 1503 960 1574 Vitalijanov‚
1011 1504 1073 1557 ki
1122 1503 1178 1570 je
1216 1505 1416 1572 poznal
1456 1505 1698 1558 ondotne
1737 1495 1912 1571 kraje.
1964 1506 2034 1558 da
2074 1506 2130 1559 bi
2169 1506 2254 1560 §la
2295 1522 2396 1560 vsa
2435 1506 2639 1574 vojska

347 1593 535 1662 naprej
578 1595 744 1662 poleg
770 1591 1006 1661 obreija,
1046 1593 1243 1655 katero
1279 1592 1334 1659 je
1372 1593 1550 1646 bilo.v
1573 1592 1691 1659 njih
1716 1592 1775 1664 (v
1803 1593 2162 1664 bizantinski)
2202 1597 2421 1666 oblasti,
2463 1597 2651 1651 kakor

347 1699 409 1737 se
441 1682 497 1749 je
515 1681 579 1735 ὶε
604 1681 720 1750 prej
750 1682 1012 1748 omenilo;
1054 1682 1255 1735 sledilo
1293 1681 1380 1747 naj
1412 1681 1468 1734 bi
1502 1680 1575 1749 jej
1619 1682 1892 1736 nekoliko
1920 1683 2062 1736 bark
2101 1685 2158 1738 in
2183 1689 2390 1754 mnogo
2419 1684 2647 1740 601n0v.

347 1773 477 1827 Ako
516 1771 570 1824 bi
609 1777 785 1823 trume
822 1770 1050 1838 dospele
1075 1771 1147 1824 do
1187 1771 1353 1823 izliva
1392 1770 1543 1823 kake
1582 1770 1734 1841 reke‚
1775 1772 1830 1825 bi
1868 1773 2145 1839 napravili
2184 1774 2236 1826 iz
2270 1773 2476 1828 &olnov
2504 1780 2650 1829 most

350 1861 443 1915 ὂεῑ
482 1860 576 1927 nJ‘o
614 1860 671 1912 in
710 1858 914 1925 vojska
952 1859 1007 1912 bi
1047 1865 1234 1927 potem
1271 1860 1418 1913 hitto
1459 1859 1516 1912 in
1554 1859 1729 1913 lahko
1769 1860 1854 1914 §la
1893 1877 1965 1913 na
2002 1862 2183 1930 drugo
2222 1869 2391 1916 stran.
2439 1862 2552 1917 Kar
2586 1862 2642 1931 je

346 1951 482 2004 Ivan
520 1949 862 2017 nasvetoval‚
898 1947 954 2015 ᾖε
994 1947 1218 2016 ugajalo
1243 1947 1483 2002 Narzetu
1523 1948 1581 2002 in
1607 1965 1678 2002 na
1707 1955 1760 2002 ta
1787 1948 1951 2003 nabin
1986 1948 2042 2016 je
2081 1952 2312 2020 dospela
2338 1967 2439 2006 vsa
2465 1952 2647 2006 bizan-

348 2039 534 2092 tinska
574 2036 777 2103 vojska
815 2038 889 2089 do
927 2037 1204 2091 Ravenne.

517 2141 789 2206 Procopii
831 2141 916 2192 De
975 2143 1129 2192 bello
1171 2142 1441 2206 GothicO,
1497 2142 1580 2201 IV,
1641 2159 1683 2193 c.
1731 2143 1797 2191 26
1836 2141 2015 2211 (Corp.
2048 2146 2220 2210 script.
2261 2144 2379 2196 hist.
2417 2145 2651 2214 Byzant„

347 2231 508 2295 XVII,
551 2247 648 2282 rec.
673 2228 911 2297 Dindorf,
940 2248 989 2295 p.
1019 2245 1139 2299 597,
1168 2231 1290 2299 600,
1321 2232 1416 2280 601
1457 2233 1505 2279 in
1540 2230 1700 2299 602):
1744 2233 1965 2299 ,,Ναρσῆς
2006 2232 2057 2281 δὲ
2083 2233 2141 2282 ἐκ
2168 2233 2402 2283 Σαλώνων
2441 2235 2555 2300 ἄρας
2579 2231 2653 2301 ἐπὶ

344 2319 558 2370 Τωτίλαν
599 2337 649 2368 τε
690 2317 769 2368 καὶ
806 2320 1018 2378 Γότθους
1055 2320 1126 2387 ᾔει
1164 2317 1299 2369 παντὶ
1337 2320 1403 2386 τῷ
1431 2317 1671 2382 Ῥωμαίων
1698 2321 1910 2388 στρατιῷ,
1951 2321 2147 2388 μεγάλῳ
2183 2323 2417 2389 ὑπερφυῶς
2461 2321 2615 2374 ἕντι..
2638 2362 2649 2372 .

523 2405 711 2468 Ἐπειδὴ
753 2407 803 2456 δὲ
840 2408 1064 2457 Βενετίων
1105 2409 1168 2468 ὡς
1209 2407 1462 2474 ἀγχοτάτω
1490 2409 1694 2476 ἐγένετο,
1733 2410 1858 2477 παρὰ
1882 2414 1974 2459 τῶν
1996 2412 2235 2477 Φράγγων
2263 2411 2372 2470 τοὺς
2397 2413 2649 2479 ἡγεμόνας,

349 2499 389 2547 οἳ
438 2502 528 2546 τῶν
584 2497 736 2564 ἐκείνῃ
791 2497 1114 2563 φυλακτηρίων
1160 2495 1324 2564 ἦρχον,
1382 2498 1590 2563 ἄγγελον
1643 2499 1829 2558 στείλας
1882 2499 2037 2567 ᾐτεῖτο
2078 2500 2163 2561 τὴν
2203 2501 2355 2550 δίοδον
2394 2502 2530 2567 σφίσιν
2570 2502 2652 2551 ἅτε

348 2587 494 2652 φίλοις
548 2583 642 2635 οὖσι
689 2587 994 2651 παρέχεσθαι.
1037 2587 1077 2635 οἱ
1132 2587 1182 2635 δὲ
1236 2593 1371 2636 τοῦτο
1412 2587 1573 2655 Ναρσῇ
1621 2588 1872 2655 ἐπιτρέψειν
1912 2588 2098 2658 οὒδεμιᾷ
2137 2578 2326 2658 μηχανῇ
2366 2591 2551 2656 ἔφασαν,
2602 2591 2651 2649 ἐς

349 2677 431 2738 μὲν
472 2675 523 2723 τῖο
563 2674 758 2739 ἐμφανὲς
798 2674 882 2734 τὴν
921 2673 1064 2723 αἰτίαν
1105 2675 1191 2739 οὒκ
1231 2672 1576 2743 ἐξενεγκόντες,
1630 2674 1762 2744 ἀλλ’,
1816 2678 1880 2736 ὡς
1919 2678 1984 2726 ἔνι
2022 2677 2240 2744 μάλιστα,
2293 2684 2372 2727 τοῦ
2412 2679 2651 2744 Φράγγων

349 2766 484 2812 ἕνεκα
523 2759 765 2829 ξυμφόρου,
816 2765 845 2823 ἢ
887 2767 970 2824 τῆς
1010 2763 1059 2822 ἐς
1097 2765 1131 2812 Γ
1134 2765 1310 2823 ότθους
1348 2764 1525 2824 εὐνοίας
1565 2765 1650 2826 τὴν
1690 2764 1919 2829 κωλύμην
1958 2770 2202 2834 ποιεῖσθαι,
2255 2770 2422 2831 σκῆψιν
2462 2766 2513 2815 δέ
2552 2783 2651 2815 τινα

351 2852 400 2901 οὒ
452 2850 555 2900 λίαν
607 2851 901 2917 εὐπρόσωπον
957 2850 1152 2911 δόξασαν
1192 2849 1300 2902 εἶναι
1336 2852 1723 2921 προβεβλημένοι,
1782 2855 1852 2904 ὅτι
1890 2855 1946 2916 δὴ
1986 2853 2355 2921 Λαγγοβάρδους
2394 2854 2501 2914 τοὺς
2539 2855 2652 2920 σφίσι

348 2941 722 3002 πολεμιωτάτους
763 2935 897 2999 οὗτος
938 2941 1225 3005 ἐπαγόμενος
1264 2943 1370 3004 ἥκει
1409 2981 1419 2992 .
1463 2982 1473 2992 .
1516 2981 1527 2992 .

636 3068 646 3078 .
689 3035 832 3078 ταῦτα
880 3029 929 3078 δὲ
969 3030 1186 3089 Τωτίλας
1238 3031 1524 3098 ἐμηχανᾶτο,
1572 3030 1780 3093 οἰόμενος
1836 3031 1908 3081 διὰ
1946 3034 2030 3095 μὲν
2070 3037 2154 3095 τῆς
2193 3031 2424 3099 παραλίας
2464 3031 2648 3082 κόλπου

351 3120 428 3167 τοῦ
469 3117 627 3166 Ἰονίου
669 3117 912 3179 Ῥωμαίοις
953 3121 1133 3180 μήποτε
1173 3120 1342 3169 δυνατὰ
1380 3121 1571 3169 ἔσεσθαι
1611 3121 1694 3182 τὴν
1733 3121 1919 3188 πορείαν
1958 3124 2205 3188 ποιεῖσθαι,
2259 3119 2357 3171 ἐπεὶ
2394 3122 2651 3189 ναυσίποροι

349 3204 548 3267 ποταμοὶ
585 3206 892 3269 παμπληθεῖς
931 3208 1139 3257 ἐνταῦθα
1178 3207 1389 3269 ἐκβολὰς
1429 3210 1620 3274 ἔχοντες
1659 3208 1889 3277 ἀπόρευτα
1926 3213 2185 3261 παντάπασι
2221 3213 2501 3278 παρέχονται
2539 3207 2652 3261 εἶναι

351 3295 409 3345 τὰ
465 3296 617 3362 ἐκείνῃ
663 3296 824 3361 χωρία·
865 3302 974 3355 ναῦς
1026 3297 1077 3346 δὲ
1127 3297 1293 3357 αὐτοὺς
1346 3299 1572 3357 τοσαύτας
1624 3299 1675 3348 τ“ο
1715 3298 1911 3362 πλῆθος
1951 3301 2014 3359 ὡς
2053 3302 2217 3362 ἥκιστα
2255 3301 2393 3367 ἔχειν,
2433 3303 2552 3350 ὥστε
2592 3300 2648 3360 δὴ

352 3383 556 3449 ἀθρόους
594 3381 728 3432 παντὶ
768 3383 832 3449 τῷ
859 3385 1040 3451 στρατῷ
1068 3387 1497 3452 διαπορθμεῦεσθαι
1537 3388 1615 3436 τον
1644 3387 1804 3437 Ἰόνιον
1833 3387 2030 3456 κόλπον,
2069 3392 2125 3450 ἢν
2153 3389 2202 3438 δέ
2241 3407 2296 3454 γε
2323 3386 2429 3438 κατ’
2458 3389 2647 3454 ὀλίγους

350 3471 697 3538 ναυτίλλωνται,
751 3472 888 3532 αὒτδς
928 3476 981 3522 ἂν
1029 3474 1094 3540 τῷ
1142 3475 1412 3541 καταλοίπῳ
1452 3476 1633 3542 στρατῷ
1674 3481 1764 3526 τῶν
1804 3478 2000 3526 Γότθων
2040 3476 2147 3536 τοὺς
2186 3479 2413 3527 ἑκάστοτε
2455 3477 2650 3538 ἀποβαί-

351 3577 514 3618 νοντας
551 3562 677 3624 πόνῳ
717 3559 863 3610 οὒδενὶ
904 3562 1196 3613 ἀναστείλειε.
1238 3564 1422 3632 τοιαύτῃ
1462 3565 1544 3625 μὲν
1585 3560 1661 3613 οὖν
1711 3568 1872 3633 γνώμῃ
1925 3566 1948 3613 ὅ
2004 3583 2054 3614 τε
2107 3565 2325 3624 Τωτίλας
2379 3566 2649 3631 ἐπήγγελλε

352 3654 496 3697 ταῦτα
550 3647 629 3696 καὶ
678 3650 701 3697 ὃ
741 3648 878 3709 Τείας
917 3652 1067 3701 ἐποίει.
1116 3653 1278 3720 Ναρσῇ
1319 3653 1370 3702 δὲ
1408 3652 1512 3702 λίαν
1552 3654 1861 3719 ἀμηχανοῦντι
1899 3651 2117 3717 Ἰωάννης
2157 3657 2181 3703 ό
2219 3655 2505 3722 Βιταλιανοῦ,
2556 3661 2646 3705 τῶν
2702 3686 2709 3693 ·

351 3737 460 3803 τῇδε
498 3738 681 3803 χωρίων
719 3739 944 3804 ἐμπείρως
983 3741 1122 3806 ἔχων,
1161 3743 1349 3808 παρῄνει
1386 3736 1517 3790 παντὶ
1555 3742 1621 3807 τῷ
1660 3743 1839 3808 στρατῷ
1878 3743 1961 3804 μὲν
2002 3743 2123 3792 κατὰ
2162 3743 2245 3804 τὴν
2270 3743 2498 3809 παραλίαν
2523 3742 2647 3810 ἰέναι,

352 3827 603 3887 κατηκόων
650 3826 784 3891 σφίσιν
835 3827 994 3894 ὄντων,
1051 3829 1115 3887 ὡς
1166 3829 1528 3897 προδεδήλωται,
1568 3835 1656 3879 τῶν
1698 3831 1809 3898 τῇδε
1847 3831 2125 3898 ἀνθρώπων,
2178 3832 2555 3898 παρακολουθεῖν
2596 3832 2648 3880 δὲ

351 3917 441 3960 τῶν
480 3919 598 3973 νηῶν
639 3930 762 3971 τινας
799 3912 875 3962 καὶ
914 3902 1118 3974 ἀκάτους
1156 3916 1358 3975 πολλάς.
1401 3918 1582 3966 ἐπειδὰν
1620 3919 1709 3984 γὰρ
1750 3920 1774 3966 ό
1814 3920 2010 3984 στρατδς
2049 3918 2120 3968 ἐπὶ
2158 3923 2254 3978 ταῖς
2294 3923 2384 3968 τῶν
2422 3923 2643 3981 ποταμῶν

350 3998 573 4059 ἐκβολαῖς
598 4002 832 4068 γένωνται,
870 4005 1062 4067 γέφυραν
1088 4004 1142 4053 ἐκ
1165 4009 1254 4053 τῶν
1279 4004 1460 4054 ἀκάτων
1486 4007 1661 4055 τούτων
1685 4005 1750 4071 τῷ
1775 4009 1854 4055 τοῦ
1876 4009 2084 4068 ποταμοῦ
2107 4006 2252 4073 ῥοθίῳ
2273 4008 2645 4073 ἐναρμοσάμενοι,

351 4088 456 4154 ρᾷον
496 4090 550 4135 ἂν
591 4087 668 4136 καὶ
720 4086 1008 4157 ἀπονώτερον
1047 4095 1307 4154 ποιήσαιντο
1366 4095 1450 4155 τὴν
1501 4093 1715 4154 διάβασιν.
1765 4096 1788 4142 ό
1840 4096 1924 4156 μὲν
1975 4095 2194 4158 Ἰωάννης
2248 4099 2388 4145 ταῦτα
2441 4098 2645 4163 παρῄνει,

349 4174 562 4224 πείθεται
602 4176 651 4224 δὲ
689 4177 892 4245 Ναρσῆς,
935 4178 1013 4228 καὶ
1051 4180 1114 4245 τῷ
1152 4182 1305 4247 τρόπῳ
1345 4183 1494 4247 τούτῳ
1514 4181 1645 4231 παντὶ
1668 4182 1731 4247 τῷ
1755 4184 1932 4250 στρατῷ
1972 4182 2044 4234 ἐπὶ
2078 4182 2324 4246 Ῥαβέννης
2354 4183 2638 4247 κομίζεται.“
