2872 4504
390 297 476 338 162
1437 280 1504 335 St.
1538 296 1639 336 120.

560 474 850 524 Min-acula
889 471 942 524 S.
982 469 1283 532 Demetrii,
1347 485 1388 519 c.
1437 486 1635 536 107—
1673 469 1788 533 148.
1847 468 2000 539 (Acta
2066 469 2394 540 Sanctorum,
2444 470 2688 523 Octobris

384 573 513 614 torn.
540 561 624 623 IV,
668 561 750 611 ed.
801 559 953 625 1866,
994 577 1044 624 p.
1078 554 1398 626 143-156.)
1427 555 1466 626 ¹)

563 649 688 702 Ibid.
713 664 754 701 c.
797 664 894 713 109
938 644 991 716 (1.
1035 662 1078 699 e.
1119 663 1169 712 p.
1222 643 1376 713 143):
1441 646 1671 710 „Asi-fetat
1706 643 1808 712 περὶ
1845 663 1965 709 τινος
2002 648 2271 713 πράγματος
2310 645 2556 711 ἠξιωκέναι
2601 653 2691 698 τῶν

384 743 634 801 τηνικαῦτα
674 741 765 786 τῶν
808 732 1017 800 Ἀβάρων
1055 734 1312 798 ἡγούμενον
1351 732 1597 783 στείλαντα
1633 734 1843 800 πρεσβεῖς
1881 735 1998 800 πρὸς
2037 735 2116 784 τὸν
2144 740 2228 798 τῆς
2249 735 2463 797 εὐσεβοῦς
2486 733 2689 804 λήξεως,

385 824 465 875 καὶ
522 825 574 875 τὰ
625 829 838 891 σκῆπτρα
878 828 962 886 τῆς
1002 822 1242 885 Ῥωμαίων
1283 821 1432 888 ἀρχῆς
1473 823 1740 888 κατέχοντα
1778 824 1887 872 τότε
1927 823 2194 888 Μαυρίκιον.
2235 822 2320 884 Ὠς
2361 825 2412 874 δὲ
2450 824 2688 891 ἠστόχητο

383 919 465 977 τῆς
504 912 744 980 αἰτήσεως,
785 912 901 978 ὀργῇ
942 910 1253 976 ἀκατασχέτῳ
1291 907 1521 975 φλεχθεὶς
1562 908 1641 959 καὶ
1677 910 1742 976 τῷ
1780 911 2118 977 παρακούσαντι
2171 912 2324 976 μηδὴν
2373 917 2554 975 ποιῆσαι
2612 913 2693 962 δυ-

382 1003 580 1069 νάμεως,
621 1002 789 1066 τρόπον
828 1001 1010 1067 ἐπινοεῖ,
1051 995 1106 1048 δι’
1148 994 1199 1047 οὗ
1238 997 1442 1061 μάλιστα
1481 999 1606 1064 αύτῷ
1646 999 1860 1062 ὁδυνῆσαι
1898 999 1957 1049 τὰ
1995 1002 2189 1065 μέγιστα
2226 1001 2525 1069 ὑπετὸπαζεν,
2578 1003 2690 1069 ὅπερ

382 1088 438 1153 ἧν
479 1087 559 1139 καὶ
595 1088 889 1151 πανάληθες·
930 1089 1169 1149 σκοπήσας
1208 1087 1298 1154 γὰρ
1340 1087 1404 1146 ὡς
1444 1085 1622 1150 ἁπάσης
1660 1086 1849 1147 πόλεως
1889 1088 2013 1138 κατὰ
2052 1106 2104 1138 τε
2141 1088 2352 1157 Θράκην,
2391 1087 2470 1139 καὶ
2505 1094 2594 1139 πᾶν
2635 1092 2689 1140 τὸ

382 1177 665 1245 Ἰλλυρικὸν,
705 1179 735 1239 ἡ
774 1176 1105 1242 θεοφύλακτος
1145 1180 1237 1225 τῶν
1277 1174 1680 1226 Θεσσαλονικαίων
1732 1177 2020 1243 μητρόπολις
2071 1177 2427 1244 ὑπερβαλόντως
2479 1179 2692 1244 ὑπερέχει

382 1267 575 1332 πλούτῳ
615 1285 667 1316 τε
705 1265 922 1333 ποικίλῳ,
963 1262 1042 1315 καὶ
1093 1265 1358 1331 ἀνθρώποις
1412 1264 1655 1324 εὒθεάτοις
1692 1262 1770 1314 καὶ
1822 1268 2039 1333 συνετοῖς,
2095 1263 2175 1315 καὶ
2211 1267 2688 1335 Χριστιανικωτάτοις,

384 1354 464 1406 καὶ
502 1355 664 1415 ἁπλῶς
720 1353 856 1404 εἰπεῖν
895 1353 1032 1419 γνοὺς
1073 1354 1136 1413 ὡς
1175 1353 1225 1402 ἐν
1263 1353 1427 1421 καρδίᾳ
1481 1352 1710 1414 βασιλέως
1750 1357 1896 1404 κεῖται
1940 1356 1970 1417 ἡ
2025 1354 2352 1422 προλεχθεῖσα
2406 1357 2692 1423 μητρόπολις

384 1445 456 1494 διὰ
494 1445 547 1493 ‘cb
586 1443 784 1506 λάμπειν
825 1443 1155 1507 ἁπανταχόθεν
1193 1445 1286 1501 τοῖς
1324 1443 1651 1510 προτερήμασι,
1692 1439 1771 1491 καὶ
1809 1443 1876 1492 ὅτι
1915 1444 2084 1506 ταύτης
2122 1448 2214 1493 τῶν
2252 1442 2614 1511 ἀπροσδοκήτων
2652 1463 2695 1495 τι

332 1556 336 1562 ’
382 1534 646 1597 παθούσης,
703 1533 792 1597 οὒχ
836 1529 978 1594 ἧττον
1033 1535 1116 1594 τῆς
1170 1535 1260 1580 τῶν
1311 1532 1490 1580 τέκνων
1545 1535 1722 1596 σφαγῆς
1762 1530 1961 1594 ὁδυνήση
2002 1532 2082 1581 τὸν
2121 1533 2174 1582 ‘eb
2213 1530 2474 1596 Ῥωμαικὸν
2514 1534 2688 1600 κράτος

382 1622 735 1688 ἐναστεμμένον,
773 1619 912 1670 καλεῖ
947 1620 1063 1686 πρὸς
1101 1620 1264 1669 ἑαυτὸν
1302 1619 1385 1681 τὴν
1425 1620 1603 1668 ἅπασαν
1641 1624 1732 1669 τῶν
1756 1619 2046 1682 Σκλαβινιῶν
2070 1622 2347 1690 θρησκείαν,
2373 1620 2452 1672 καὶ
2476 1623 2691 1690 θηριώδη

382 1710 545 1778 φυλὴν,
584 1710 816 1759 ὑπέκειντο
855 1709 944 1775 γὰρ
983 1708 1105 1774 αύτῷ
1145 1709 1196 1758 τ“ο
1252 1709 1397 1768 ἔθνος
1448 1710 1584 1776 ἅπαν,
1638 1705 1718 1758 καὶ
1765 1706 2019 1775 προσμίξας
2070 1710 2225 1770 αὺτοῖς
2283 1710 2363 1760 καὶ
2418 1709 2695 1777 ἀλλογενεῖς

383 1817 507 1858 τινας
529 1798 789 1866 βαρβάρους
814 1799 1085 1864 στρατεῦσαι
1107 1799 1283 1856 πάντας
1309 1796 1429 1846 κατὰ
1453 1801 1537 1859 τῆς
1562 1799 1912 1864 θεοφρουρήτου
1939 1796 2283 1861 Θεσσαλονίκης
2305 1800 2694 1866 παρεκελεύσατο.

561 1878 688 1939 Ibid.
728 1903 770 1936 c.
810 1903 907 1936 110
948 1883 1001 1955 (l.
1031 1901 1073 1938 c,
1100 1902 1149 1952 p.
1187 1882 1335 1954 143):
1378 1886 1614 1950 Μέγιστος
1653 1880 1786 1945 οὗτος
1825 1886 2018 1952 στρατὸς
2042 1885 2134 1936 τῶν
2160 1887 2284 1937 κατὰ
2309 1887 2416 1947 τοὺς
2438 1889 2690 1954 ἡμετέρους

382 1977 580 2043 χρόνους
620 1976 778 2042 ὤφθη,
817 1973 1060 2039 ἀγαπητοί·
1102 1974 1143 2023 οἱ
1182 1975 1266 2037 μὲν
1304 1974 1393 2041 γὰρ
1434 1973 1599 2033 αὐτοὺς
1623 1974 1733 2040 ὑπὲρ
1757 1974 1842 2034 τὰς
1869 1975 2032 2025 ἑκατὸν
2058 1974 2275 2040 χιλιάδας
2299 1975 2495 2036 ὁπλίτας
2520 1973 2690 2045 ἄνδρας

382 2062 614 2124 ἐδόξαζον·
658 2063 698 2113 οἱ
738 2064 790 2113 δὲ
829 2063 989 2128 ὀλίγον
1027 2059 1214 2131 ἥττους,
1255 2062 1397 2113 ἄλλοι
1436 2063 1487 2112 δὲ
1513 2062 1697 2129 Ιπολλῷ
1735 2062 1940 2131 πλείους,
1981 2069 2065 2127 τῆς
2103 2064 2194 2132 γὰρ
2234 2065 2470 2128 ἀληθείας
2521 2065 2592 2116 διὰ
2630 2067 2684 2116 τὸ

380 2154 574 2216 πλῆθος
614 2153 678 2216 μὴ
721 2152 1121 2219 καταληφθείσης,
1161 2151 1206 2201 αἱ
1245 2149 1380 2211 δόξαι
1413 2156 1506 2201 τῶν
1544 2152 1804 2214 θεωμένων
1843 2151 2094 2218 ἐσχίζοντο.
2135 2151 2258 2202 Νέον
2286 2152 2461 2221 Ξέρξου
2487 2155 2680 2222 στρατὸν

380 2245 411 2304 ἢ
451 2245 539 2291 τῶν
579 2237 829 2291 Αἰθιώπων
886 2238 965 2290 καὶ
1000 2238 1183 2301 Λιβύων
1229 2240 1349 2289 κατὰ
1386 2237 1618 2290 Ἰουδαίων
1670 2241 1724 2290 τὸ
1776 2238 1876 2306 πρὶν
1928 2240 2252 2310 ὁπλισάμενον,
2297 2242 2458 2305 ἴδομεν
2511 2248 2689 2292 τοῦτον·

379 2328 456 2380 καὶ
493 2329 729 2392 ποταμοὺς
769 2329 859 2395 γὰρ
886 2326 965 2378 καὶ
987 2328 1142 2393 πηγὰς
1181 2329 1395 2393 ἐκλεῖψαι
1432 2324 1762 2398 ἠκούσαμεν,”)
1802 2326 1866 2388 οἷς
1894 2332 1948 2378 ἂν
1976 2330 2452 2396 στρατοπεδεύσαντες
2477 2332 2692 2398 παρεκά-

361 2423 556 2486 θησαν,
598 2417 677 2467 καὶ
700 2418 784 2478 τὴν
812 2418 928 2481 ὅλην
966 2423 1071 2485 γῆν,
1112 2414 1165 2467 δι’
1205 2419 1262 2480 ἥς
1301 2417 1616 2485 παρώδευσαν,
1656 2418 1719 2477 ὡς
1743 2416 1899 2468 πεδίον
1927 2418 2174 2484 ἀφανισμοῦ
2203 2419 2327 2469 κατὰ
2352 2420 2431 2469 τ“ον
2455 2422 2692 2486 προφήτην

383 2508 683 2569 κατέστησαν.

560 2595 686 2645 Ibid.
716 2611 757 2648 c.
802 2612 817 2644 1
840 2609 892 2645 11
938 2593 1010 2664 (p.
1047 2592 1167 2662 144)
1190 2609 1199 2643 :
1242 2593 1335 2644 Καὶ
1359 2597 1388 2658 ἡ
1415 2596 1613 2659 τοσαύτη
1639 2596 1830 2658 πληθὺς
1854 2597 2059 2662 τοσούτῳ
2086 2598 2218 2662 τάχει
2243 2597 2328 2658 τὴν
2352 2598 2458 2647 ὁδὸν
2486 2598 2687 2649 διανύσαι

380 2685 795 2751 προσετάχθησαν,
836 2684 900 2743 ὡς
939 2684 1059 2747 μηδὲ
1096 2688 1266 2749 γνῶναι
1302 2685 1427 2746 ἡμᾶς
1475 2684 1560 2745 τὴν
1599 2685 1776 2734 ἔλευσιν
1830 2684 1978 2734 αὐτῶν
2030 2685 2155 2746 πλὴν
2208 2686 2295 2752 πρ“ο
2344 2691 2449 2749 μιᾶς
2493 2689 2683 2754 ἡμέρας·

382 2777 579 2840 κυριακῇ
618 2772 709 2838 γὰρ
747 2774 897 2840 ἡμέρᾳ
935 2775 1235 2836 μηνυθέντων
1260 2774 1453 2841 τούτων,
1493 2778 1548 2841 τῇ
1574 2771 1723 2823 εἰκάδι
1750 2773 1940 2841 δευτέρᾳ
1967 2777 2047 2823 τοῦ
2074 2773 2383 2840 Σεπτεμβρίου
2423 2777 2585 2844 μηνὸς,
2610 2774 2688 2826 καὶ

382 2865 473 2910 τῶν
501 2865 585 2923 τῆς
611 2861 798 2919 πόλεως
824 2859 1090 2926 ἀμφιβόλως
1117 2861 1338 2929 ἐχόντων,
1382 2862 1445 2921 ὡς
1471 2862 1590 2924 μετὰ
1614 2863 1852 2930 τέσσαρας,
1869 2843 1874 2849 ”
1891 2864 1920 2923 ἢ
1950 2859 2030 2911 καὶ
2052 2863 2166 2929 πρὸς
2192 2864 2330 2913 πέντε
2352 2865 2528 2931 ἡμέρας
2554 2865 2688 2927 μόλις

381 2949 438 2998 τὰ
476 2949 651 3000 ἐνθάδε
692 2948 1142 3017 καταλαμβάνουσιν,
1183 2946 1445 3018 κᾴντεῦθεν
1485 2949 1797 3017 ἀμελέστερον
1836 2948 1938 3017 περὶ
1976 2951 2060 3012 τὴν
2099 2950 2239 3014 αὐτῆς
2281 2951 2488 3017 φυλακὴν
2517 2953 2690 3015 διαμει-

383 3040 574 3099 νάντων,
627 3037 740 3105 αὐτῇ
792 3042 849 3105 τῇ
902 3036 1033 3087 νυκτὶ
1086 3038 1277 3105 δευτέρᾳ
1322 3037 1566 3100 σαββάτων
1621 3039 1941 3107 ἐπιφωσκούσῃ
1995 3037 2069 3089 ἐπὶ
2107 3040 2166 3090 τὰ
2203 3041 2335 3106 τείχη
2376 3046 2461 3104 τῆς
2499 3041 2689 3102 πόλεως

382 3128 591 3193 ἔφθασαν
647 3125 841 3192 ἀψοφητὶ
884 3125 962 3176 καὶ
1006 3129 1165 3193 πρώτη
1215 3126 1360 3186 εὐθὺς
1415 3128 1665 3187 ἐπισκιάσις
1704 3134 1784 3177 τοῦ
1822 3125 2103 3188 πανενδόξου
2142 3131 2369 3196 μάρτυρος
2407 3129 2685 3198 Δημητρίου,

381 3218 628 3282 γεγένηται
679 3215 727 3264 ἐν
766 3215 830 3280 τῷ
870 3215 1206 3282 ἀμαυρωθῆναι
1244 3216 1442 3276 ἐκείνους
1482 3221 1539 3284 τῇ
1577 3214 1707 3266 νυκτὶ
1744 3217 1916 3286 ἐκείνῃ,
1965 3215 2045 3266 καὶ
2098 3215 2201 3284 περὶ
2251 3219 2303 3267 τὸ
2355 3217 2562 3285 φρουρίον
2602 3224 2686 3282 τῆς

381 3303 652 3353 καλλινίκου
693 3305 921 3371 μάρτυρος
961 3304 1224 3371 Ματρώνης
1263 3307 1401 3372 ὥραις
1438 3305 1618 3365 ἱκαναῖς
1657 3305 2056 3374 ἐνασχοληθῆναι,
2109 3307 2376 3369 νομίσαντες
2427 3307 2577 3357 ἐκεῖνο
2630 3313 2688 3376 τῇ

381 3391 516 3441 πόλει
556 3393 906 3455 κατεστηκέναι·
949 3393 1012 3452 ὡς
1052 3393 1103 3442 δὲ
1140 3392 1304 3442 λοιπὸν
1344 3395 1578 3459 ἑωσφόρος
1618 3394 1873 3462 διηύγασεν,
1915 3392 1995 3444 καὶ
2031 3394 2229 3458 πλησίον
2270 3391 2405 3445 οὖσαν
2435 3396 2517 3458 τὴν
2552 3397 2688 3447 πόλιν

383 3476 644 3547 ἐγνώρισαν,
685 3482 903 3552 ὥρμησαν
943 3478 1013 3531 ἐπ’
1054 3481 1196 3542 αὐτὴν
1235 3482 1539 3544 ὁμοθυμαδὸν
1578 3483 1642 3541 ὡς
1681 3482 1806 3531 λέων
1846 3483 2072 3550 ἁρπάζων,
2111 3481 2188 3532 καὶ
2226 3481 2528 3550 ὠρουόμενος.
2569 3482 2688 3536 Εἶτα

384 3567 461 3617 καὶ
500 3568 564 3633 τῷ
617 3569 758 3634 τείχει
809 3569 892 3628 τὰς
945 3569 1185 3632 κλίμακας
1240 3569 1614 3636 ἀνορθώσαντες,
1667 3568 1793 3620 αὗται
1842 3571 1932 3638 γὰρ
1972 3573 2125 3630 αὺτοῖς
2163 3575 2687 3638 προκατασκευασμέναι

384 3656 748 3718 διεβαστάζοντο·
791 3657 1039 3724 ὁπλοφόροι
1075 3658 1164 3725 γὰρ
1205 3659 1356 3708 αὐτῶν
1397 3660 1561 3709 ἀνιέναι
1597 3658 2041 3727 παρεβουλεύσαντο,
2093 3661 2201 3710 τότε
2241 3660 2297 3722 δὴ
2339 3663 2446 3711 τότε
2482 3662 2534 3711 τ“ο
2574 3658 2684 3721 ἐξά-

384 3763 582 3795 κουστον
619 3744 696 3794 καὶ
734 3747 855 3810 μέγα
892 3749 1056 3808 θαῦμα
1095 3749 1175 3796 τοῦ
1214 3748 1342 3812 ἁγίου
1381 3745 1692 3817 Ἀθλοφόρου,
1717 3750 1978 3812 γεγένηται.

563 3861 595 3918 ¹)
626 3850 688 3905 Ze
718 3875 751 3906 v
782 3862 1094 3908 slovenskem
1139 3864 1301 3909 tekstu
1331 3875 1434 3908 sem
1465 3875 1642 3919 mnogo
1683 3864 1875 3919 izpustil
1905 3868 1979 3909 ter
2009 3864 2212 3910 navedel
2242 3864 2287 3910 le
2318 3868 2384 3919 to,
2414 3865 2506 3910 kar
2534 3876 2589 3910 se
2618 3865 2684 3910 mi

377 3938 429 3992 je
459 3935 594 3980 zdelo
626 3936 863 3991 vainejsse.
897 3937 942 3981 V
972 3937 1211 3982 izvirniku
1241 3940 1318 3993 naj
1352 3942 1404 3982 tu
1435 3936 1566 3982 slede
1598 3937 1642 3981 le
1672 3937 1887 3981 nekateri
1918 3937 2146 3982 odlomki.

561 4008 596 4064 ²)
627 4009 774 4052 Izrazi
807 4012 993 4068 ,ἴδομεη
1026 4009 1285 4065 ἠκούσαμεν,
1318 4009 1611 4066 ἠδυνήθημεν,
1656 4010 1892 4068 ἐγνωμενα,
1922 4011 2087 4055 katere
2117 4011 2371 4066 nahajamo
2412 4016 2464 4056 tu
2494 4023 2556 4068 pa
2587 4017 2684 4057 tam

381 4095 414 4127 v
445 4086 540 4127 tem
570 4083 818 4140 sestavku,
852 4085 1151 4142 dokazujejo,
1183 4085 1242 4129 da
1273 4096 1327 4129 se
1350 4086 1403 4140 je
1434 4083 1621 4140 pisatelj
1655 4089 1762 4139 tega
1794 4084 1927 4140 spisa
1957 4084 2129 4141 takrat‚
2153 4085 2219 4129 ko
2241 4097 2300 4129 so
2323 4084 2522 4130 Slove‘zni
2544 4084 2685 4141 prissli

382 4156 500 4212 pred
531 4156 697 4213 Solun,
729 4157 877 4200 mudil
907 4171 940 4202 v
972 4163 1066 4201 tem
1096 4163 1252 4203 mestu
1281 4162 1354 4202 ter
1383 4157 1531 4202 lahko
1553 4169 1580 4202 s
1603 4157 1798 4212 svojimi
1830 4157 1953 4202 oemi
1984 4157 2232 4215 opazoval‚
2252 4158 2384 4202 kako
2405 4169 2464 4202 so
2485 4160 2681 4203 sovrai-

381 4228 484 4272 niki
514 4230 650 4285 zunaj
687 4238 836 4274 mesta
867 4231 1125 4288 postopali.
