2872 4504
1176 272 1243 328 St.
1271 287 1372 339 120,
1403 286 1503 326 121.
2409 276 2492 316 163

374 456 503 507 Ibid.
545 472 586 508 c.
635 472 728 521 ¹¹3
772 455 843 524 (p.
879 455 1018 525 144):
1059 498 1070 509 .
1114 498 1125 509 .
1169 501 1179 512 .
1222 460 1285 518 ὡς
1326 459 1377 508 δὲ
1414 459 1565 524 ἡμέρα
1601 455 1763 505 λοιπον
1805 453 2011 518 ἐγεγόνει
2050 452 2090 501 οἱ
2139 457 2288 518 θῆρες
2329 453 2495 503 ἐκείνοι

190 546 246 594 τ“ο
285 548 441 610 τεῖχος
491 540 609 593 ἅπαν
650 545 818 610 κύκλῳ
856 544 1114 611 περιέλιξαν
1157 546 1393 613 ἀσφαλῶς,
1448 547 1512 606 ὡς
1550 544 1668 608 μηδὲ
1706 542 1861 608 ὄρνεον
1900 541 1953 591 τ“ο
1995 541 2051 602 δὴ
2091 541 2348 606 λεγόμενον
2388 560 2494 607 συγ-

186 638 404 700 χωρῆσαι
442 637 534 682 τῶν
571 631 731 681 πυλῶν
771 630 987 692 ἐξελθεῖν
1026 638 1055 696 ἢ
1097 633 1279 694 ἔξωθεν
1319 634 1552 684 εἰσελάσαι
1589 637 1647 700 τῇ
1687 630 1837 681 πόλει.

375 721 500 772 Ibid.
540 736 580 770 c.
631 736 729 784 114
756 719 830 789 (p.
863 720 1006 790 145):
1048 725 1171 772 Τότε
1200 724 1255 784 δὴ
1284 725 1392 772 τότε
1419 724 1560 788 ὤφθη
1585 721 1832 785 τηλαυγῶς
1858 719 1910 768 το
1939 716 2259 784 ἀναρίθμητον
2284 718 2493 782 πλῆθος·

191 810 287 860 ἀπο
325 811 414 877 γὰρ
468 814 552 872 τῆς
607 810 752 875 ἄκρας
792 812 871 858 τοῦ
911 812 1025 876 προς
1064 811 1314 860 θάλασσαν
1355 811 1536 876 τείχους
1574 815 1653 859 τοῦ
1691 809 1807 875 προς
1846 805 2081 865 ἀνατολὰς
2121 808 2256 872 μέχρι
2296 814 2375 857 τοῦ
2414 810 2502 857 πέ-

195 913 335 967 ρατος
362 905 443 949 τοῦ
468 899 653 947 δυτικοῦ
691 899 805 963 πρὸς
847 898 1095 948 θάλασσαν
1135 900 1333 967 τείχους,
1373 902 1523 965 ὥσπερ
1562 899 1756 964 στεφάνη
1795 897 2122 962 θανατηφόρος
2148 897 2386 961 περιέσχον
2415 897 2498 958 τὴν

187 989 346 1056 πόλιν,
387 987 574 1046 οὒδενῖος
602 988 744 1035 τόπου
769 990 1095 1053 θεωρουμένου
1123 993 1207 1051 τῆς
1233 994 1339 1058 γῆς,
1355 990 1406 1037 ὃν
1433 989 1457 1036 ὁ
1482 986 1713 1054 βάρβαρος
1730 985 1813 1035 οὒκ
1837 985 2006 1051 ἐπάτει,
2032 981 2145 1033 ἀλλ’
2170 981 2227 1046 ἦν
2256 983 2361 1034 ἰδεῖν
2402 984 2502 1036 ἀντὶ

187 1082 301 1144 γῆς,
345 1079 375 1138 ἢ
417 1075 633 1142 δένδρων,
673 1077 702 1136 ἢ
742 1076 896 1140 χλόης
937 1076 1019 1134 τὰς
1060 1076 1272 1142 κεφαλὰς
1311 1081 1402 1126 τῶν
1441 1074 1725 1142 ἀντιπάλων,
1778 1069 1892 1122 ἀλλ’
1933 1069 2002 1121 ἐπ’
2044 1071 2276 1134 ἀλλήλων
2316 1073 2383 1124 ἔτι
2423 1072 2502 1123 καὶ

194 1165 655 1231 στενοχωρουμένων,
697 1162 776 1212 καὶ
815 1164 894 1213 τ“ον
933 1163 997 1223 εἰς
1038 1165 1122 1225 τὴν
1162 1165 1313 1231 αὔριον
1351 1166 1459 1227 ἡμῖν
1499 1164 1783 1214 ἐπισειόντων
1821 1162 2023 1227 ἄφυκτον
2062 1163 2288 1212 θάνατον·
2332 1161 2412 1212 καὶ
2451 1164 2502 1212 τ“ο

193 1254 254 1314 δὴ
293 1253 563 1315 θαυμαστὸν
603 1253 672 1301 ὅτι
710 1257 792 1314 τῆς
830 1253 1006 1319 ἡμέρας
1044 1253 1230 1315 ἐκείνης
1270 1253 1320 1302 οὒ
1361 1254 1501 1316 μόνον
1539 1250 1640 1319 περὶ
1677 1252 1730 1302 τ“ο
1769 1253 1923 1317 τεῖχος
1951 1249 2187 1300 ἐκύκλουν
2215 1248 2324 1299 ὡσεὶ
2348 1252 2501 1314 ἄμμος

190 1342 281 1403 τὴν
318 1341 586 1408 θάλασσαν,
626 1339 757 1389 ἀλλὰ
795 1339 872 1390 καὶ
909 1341 1117 1391 πλεῖστοι
1154 1341 1258 1390 λίαν
1298 1339 1348 1402 ἐξ
1388 1342 1539 1392 αὐτῶν
1579 1341 1637 1392 τὰ
1673 1338 1775 1408 περὶ
1813 1341 1898 1402 τὴν
1936 1339 2072 1389 πόλιν
2111 1341 2295 1405 φρούριά
2334 1358 2385 1390 τε
2425 1339 2505 1390 καὶ

190 1432 442 1498 προάστεια
481 1429 839 1493 κατελάμβανον
878 1429 1140 1493 λεϊζόμενοι
1177 1433 1341 1495 πάντα,
1398 1429 1475 1480 καὶ
1514 1430 1864 1498 κατεσθίοντες,
1912 1426 1989 1478 καὶ
2042 1422 2368 1497 λεπτύνοντες,
2425 1428 2508 1479 καὶ

189 1520 255 1570 τὰ
302 1520 532 1569 ὑπόλοιπα
578 1522 675 1578 τοῖς
725 1516 830 1568 ποσὶ
870 1525 1261 1579 καταπατοῦντες·
1304 1518 1387 1568 οὒκ
1425 1514 1623 1586 ἐ’χρηζον
1663 1520 1771 1568 τότε
1822 1515 2012 1584 χάρακα
2065 1516 2223 1578 βαλεῖν
2271 1516 2370 1583 περὶ
2422 1518 2506 1580 τὴν

195 1608 351 1676 πόλιν,
393 1611 423 1670 ἢ
472 1609 746 1674 πρόσχωμα·
801 1605 952 1674 χάραξ
1006 1607 1095 1674 γὰρ
1150 1608 1303 1667 αὺτοῖς
1353 1609 1381 1669 ἡ
1441 1612 1531 1656 τῶν
1587 1606 1803 1675 ἀσπίδων,
1856 1602 1969 1655 ἀλλ’
2011 1603 2081 1655 ἐπ’
2123 1605 2371 1674 ἀλλήλων,
2428 1604 2508 1656 καὶ

195 1693 513 1756 ἆδιεξόδευτος
554 1695 823 1758 συμπλοκὴ·
864 1697 1123 1762 πρόσχωμα
1163 1696 1215 1745 δὲ
1253 1697 1303 1745 ‘cb
1331 1696 1569 1745 ὑπονοικον
1609 1699 1702 1745 τῶν
1740 1696 1964 1758 σωμάτων
2004 1696 2259 1758 μιμούμενα
2299 1694 2506 1746 δίκτυα.“

376 1784 503 1837 Ibid.
537 1801 578 1837 c,
615 1785 712 1835 116
753 1783 826 1854 (p.
861 1781 1004 1851 145):
1047 1824 1078 1852 ,,
1120 1824 1131 1835 .
1174 1824 1185 1836 .
1230 1827 1241 1838 .
1284 1785 1498 1851 δεύτερον
1552 1785 1602 1834 δὲ
1656 1785 1708 1834 το
1765 1783 2022 1848 ἷσόψαμμον
2075 1785 2122 1833 ἐν
2176 1783 2362 1850 ἀριθμῷ
2418 1790 2509 1834 τῶν

188 1873 585 1941 πολιορκούντων’
635 1871 674 1922 εἰ
725 1873 813 1939 γὰρ
854 1873 918 1935 μὴ
958 1875 1097 1935 μόνον
1153 1872 1260 1932 τοὺς
1299 1873 1582 1932 Μακεδόνας
1637 1874 1857 1941 ἅπαντας,
1913 1871 2043 1922 ἀλλὰ
2095 1870 2175 1922 καὶ
2219 1871 2509 1941 Θετταλοὺς,

192 1961 272 2011 καὶ
308 1959 532 2028 Ἀχαιοὺς
573 1963 796 2012 ὑποθεῖτό
837 1979 904 2020 τις
950 1962 1159 2028 σωρηδον
1215 1962 1262 2011 ἐν
1301 1961 1626 2030 Θεσσαλονίκῃ
1667 1968 1919 2025 τηνικαῦτα
1968 1963 2402 2030 συνηθροισμένους,
2459 1963 2509 2011 οὒ

194 2052 247 2101 δὲ
286 2052 339 2100 το
378 2050 609 2100 πολοστον
650 2053 789 2118 μέρος
829 2055 920 2100 τῶν
960 2049 1141 2110 ἔξωθεν
1180 2053 1627 2118 περιστοιχησάντων
1667 2051 1751 2113 τὴν
1789 2050 1926 2100 πόλιν
1966 2051 2238 2116 ἐτύγχανον.
2281 2090 2291 2101 .
2337 2093 2347 2104 .
2391 2048 2436 2101 .“

374 2139 499 2192 Ibid.
523 2155 569 2190 c.
607 2155 702 2204 133
747 2137 819 2209 (p.
859 2136 1002 2208 152):
1045 2179 1074 2207 ,,
1117 2178 1127 2189 .
1171 2179 1182 2190 .
1225 2179 1236 2190 .
1277 2140 1482 2202 Εἴπαμεν
1522 2141 1586 2199 ὡς
1625 2144 1682 2207 τῇ
1721 2142 1882 2208 πρώτῃ
1921 2140 2072 2206 ἡμέρᾳ
2111 2144 2197 2202 τῆς
2235 2139 2510 2206 πολιορκίας

194 2227 276 2279 καὶ
313 2234 370 2297 τῇ
410 2229 617 2296 δευτέρᾳ,
660 2228 743 2287 τὰς
783 2229 951 2294 τροφάς
989 2246 1039 2278 τε
1079 2226 1204 2277 αὐτοὶ
1242 2231 1503 2294 συνήγαγον
1543 2228 1584 2278 οἱ
1621 2227 1851 2297 πολέμιοι,
1905 2226 1982 2277 καὶ
2036 2212 2161 2287 κατὰ
2201 2233 2283 2291 τῆς
2323 2210 2510 2288 πόλεως

189 2317 360 2367 πολλὰ
398 2315 478 2366 καὶ
515 2316 701 2385 φοβερὰ,
743 2315 822 2366 καὶ
862 2317 1049 2383 διάφορα
1089 2317 1362 2383 ηὒτρέπισαν
1402 2317 1591 2384 ὄργανα,
1630 2322 1686 2385 τῇ
1727 2316 1778 2366 δὲ
1815 2318 1965 2384 ἡμέρᾳ
2004 2322 2060 2386 τῇ
2088 2317 2231 2385 τρίτῃ,
2274 2315 2354 2366 καὶ
2378 2318 2511 2383 μέχρι

193 2411 289 2456 τῶν
328 2407 458 2456 ἑπτά·
512 2408 628 2471 πέρα
674 2405 763 2471 γὰρ
810 2406 983 2455 τούτων
1033 2405 1296 2472 πολιορκεῖν
1346 2405 1507 2465 αὖτοὺς
1563 2406 1646 2468 τὴν
1689 2405 1825 2455 πόλιν
1866 2407 1890 2454 ὁ
1928 2403 2208 2466 πανένδοξος
2249 2405 2419 2471 μάρτυς
2460 2406 2511 2455 οὒ

189 2497 531 2561 συνεχώρησεν·
572 2499 805 2560 προσῆγον
844 2491 987 2561 ἄρδην
1028 2497 1122 2553 τοῖς
1163 2493 1333 2559 τείχεσι
1370 2496 1566 2563 ἅπαντα,
1625 2494 1708 2555 τὰς
1748 2494 2009 2564 ἑλεπόλεις,
2069 2493 2147 2545 καὶ
2185 2494 2292 2554 τοὺς
2345 2494 2511 2563 κριοὺς,

191 2582 278 2634 καὶ
316 2583 424 2643 τοὺς
462 2582 797 2652 πετροβόλους,
838 2582 917 2633 καὶ
954 2589 1045 2632 τῶν
1083 2584 1306 2648 χελωνῶν
1348 2583 1406 2633 τὰ
1443 2588 1662 2650 χαμερπῆ
1706 2582 2109 2650 ραβδουργήματα·
2154 2622 2164 2633 .
2209 2623 2220 2634 .
2264 2582 2310 2634 .“

376 2671 503 2725 Ibid.
542 2688 584 2724 c.
637 2687 731 2738 143
777 2672 851 2742 (p.
899 2669 1042 2742 155):
1087 2711 1117 2739 ,,
1159 2711 1170 2721 .
1215 2714 1225 2726 .
1270 2711 1279 2723 .
1322 2669 1459 2737 Ἀγία
1497 2673 1749 2738 ἐτύγχανεν
1789 2673 1988 2740 κυριακὴ
2028 2674 2057 2735 ἡ
2100 2672 2276 2735 ἑβδόμη
2318 2670 2396 2722 καὶ
2433 2689 2512 2721 τε-

194 2761 390 2811 λευταῖα
427 2766 512 2824 τῆς
550 2761 825 2828 πολιορκίας
863 2762 1010 2827 ἡμῶν,
1048 2759 1125 2809 καὶ
1165 2761 1221 2822 δὴ
1249 2762 1416 2821 ταύτην
1445 2761 1508 2820 ὡς
1533 2761 1587 2811 ἐκ
1611 2763 1822 2824 καμάτου
1849 2765 1941 2811 τῶν
1965 2760 2300 2828 προλαβουσῶν
2324 2762 2509 2827 ἡμερῶν

193 2852 615 2917 καθησυχάσαντες
656 2850 696 2900 οἱ
734 2849 946 2913 πολέμιοι
985 2850 1260 2900 ἐσκέπτοντο
1302 2851 1436 2915 μέχρι
1474 2852 1596 2914 ζωῆς
1634 2849 1711 2900 καὶ
1748 2852 1959 2902 θανάτου
1987 2850 2267 2914 συμπλοκὴν
2307 2856 2364 2919 τῇ
2405 2849 2515 2913 ἑξῆς

189 2939 320 2989 κατὰ
356 2945 440 3002 τῆς
477 2939 667 2999 πόλεως
723 2940 1093 3007 ἀπεργάσασθαι,
1144 2941 1328 2989 πάντων
1375 2940 1515 3006 ἄρδην
1555 2943 1968 3004 συνεπιτιθεμένων
2020 2939 2188 3007 κύκλῳ
2241 2939 2306 3005 τῷ
2359 2941 2514 3008 τείχει,

187 3030 270 3078 ’ἵνα
318 3032 349 3091 ἢ
403 3029 598 3096 σφοδρὸν
647 3033 731 3091 τῆς
780 3028 991 3092 ἐμβολῆς
1039 3026 1349 3091 καταπλῆξαν
1402 3028 1643 3092 ἀπώσηται
1696 3028 1826 3080 κάτω
1879 3030 1984 3090 τοὺς
2038 3030 2085 3079 ἐν
2126 3033 2224 3089 ταῖς
2264 3028 2510 3090 ἐπάλξεσιν

195 3117 430 3186 φύλακας,
467 3121 497 3180 ἢ
538 3118 602 3181 μὴ
643 3119 806 3167 τούτου
847 3117 971 3167 κατὰ
1010 3118 1181 3166 σκοπον
1222 3116 1568 3186 ἀποβαίνοντος,
1623 3119 1707 3180 τὴν
1762 3125 1873 3184 γοῦν
1913 3118 2158 3186 ἀπόπειραν
2198 3119 2386 3182 λάβοιεν
2428 3119 2508 3170 τού

194 3207 345 3270 μηδὲν
382 3208 543 3257 λοιπον
583 3210 878 3273 μαχομένους
917 3206 1107 3272 ὠφελεῖν
1148 3206 1395 3269 ἀνήνυτα,“

1210 3431 1319 3519 St.
1373 3450 1506 3519 121.

380 3561 515 3631 509,
558 3575 785 3619 musena
825 3561 989 3633 maja.

381 3664 562 3734 Papei
587 3666 809 3734 Gregor
834 3664 917 3735 (Ι.)
945 3665 1065 3734 pige
1093 3665 1390 3718 Kalinik
1411 3682 1475 3735 u,
1513 3664 1692 3720 eksa
1710 3666 1839 3720 rhu
1872 3666 2127 3735 Italije
2154 3666 2515 3740 [„Callinic0

205 3755 487 3810 exarcho
527 3752 806 3825 Italiae“]
826 3753 882 3824 ¹),
922 3761 1006 3807 ter
1045 3770 1135 3807 mu
1176 3753 1461 3824 naznanja‚
1501 3756 1570 3807 da
1610 3769 1676 3808 so
1701 3755 1860 3823 prissli
1900 3755 1940 3808 k
1972 3754 2157 3822 njemu
2197 3756 2259 3827 (k
2283 3755 2514 3827 papeia)

206 3843 257 3897 iz
295 3843 445 3898 Istr
462 3859 493 3896 e
531 3840 665 3915 [.,de
692 3843 977 3898 Histriae
1006 3839 1354 3913 partibus“]
1376 3841 1637 3922 'nositelji
1662 3848 1789 3911 tega
1811 3844 1989 3913 pisma
2014 3851 2098 3899 ter
2121 3861 2212 3900 mu
2237 3847 2515 3915 povedali‚

388 3988 418 4046 ι)
449 3989 702 4034 Kalinik
735 3992 789 4046 je
829 3989 990 4045 postal
1031 3989 1209 4034 eksarh
1242 4003 1273 4034 v
1307 3988 1523 4034 Ravenni
1555 4001 1618 4045 po
1660 3989 1797 4035 smrti
1839 3991 2046 4036 eksarha
2078 3993 2308 4038 Romana.
2356 3992 2517 4050 (Paul.

202 4063 342 4122 diac.,
386 4063 512 4108 Hist.
536 4063 764 4121 Langob.‚
795 4063 878 4122 IV,
913 4063 1002 4120 12.)
1034 4063 1106 4108 To
1139 4075 1192 4107 se
1217 4065 1268 4118 je
1301 4062 1489 4118 zgodilo
1520 4063 1627 4108 med
1660 4063 1805 4109 letom
1827 4069 1926 4112 595.
1948 4066 1997 4111 in
2019 4070 2121 4114 597.
2154 4068 2343 4112 Meseca
2358 4067 2517 4123 junija

207 4142 316 4192 tega
345 4137 439 4182 leta
470 4139 660 4192 omenja
701 4140 850 4194 pape}
893 4138 1081 4192 Gregor
1112 4140 1164 4181 ie
1198 4137 1422 4180 Kalinika
1454 4150 1486 4181 v
1518 4137 1691 4181 nekem
1725 4138 1895 4193 pismu.
1933 4141 2086 4200 (MG.‚
2119 4142 2288 4198 Epist„
2326 4142 2364 4199 Ι,
2396 4143 2517 4194 432.)

204 4210 405 4255 Kalinik
429 4212 482 4267 je
513 4216 674 4268 potem
706 4212 1009 4267 gospodoval
1041 4211 1127 4255 kot
1161 4210 1338 4255 eksarh
1369 4210 1562 4255 nekako
1595 4211 1656 4257 do
1689 4211 1783 4258 leta
1816 4217 1915 4259 602.

2251 4309 2270 4346 1
2281 4305 2337 4347 6ΐῖ-
