2872 4504
2 888 38 1208 macris->wa
16 866 19 871 -
12 818 30 832 ε

15 1213 37 1283 ,av

15 1786 41 1926 Μ
18 1758 34 1782 «
17 1740 20 1741 =
2 1547 42 1725 wrm<
9 1519 14 1521 ·
15 1478 29 1487 ι

2 1888 14 1940 ναι.-
1 1799 14 1871 -νῠδ
3 1745 15 1786 *Cn

24 2377 39 2517 Μὴ...
1 1936 42 2357 „svm-..ffirm-

4 2543 17 2652 ;·.=-‹1„
2 2276 20 2490 mnan-ow

1307 286 1374 342 st.
1407 300 1508 342 163.
2470 299 2561 339 207

258 474 368 520 rius
408 470 562 520 dixit:
605 469 764 539 „Non
808 484 883 522 est
922 475 1186 543 possibile,
1225 486 1283 524 ut
1323 474 1583 525 christiani
1625 484 1675 524 et
1713 473 1809 522 Dei
1849 474 1982 522 servi
2023 488 2145 522 cum
2188 474 2403 522 canibus
2435 476 2562 522 ami-

260 561 405 610 citias
446 561 767 625 coniungere
808 561 1058 625 possint.“
1103 562 1261 612 Samo
1304 581 1330 612 e
1372 565 1631 612 contrario
1671 562 1825 614 dixit:
1871 560 1953 623 „Si
1993 577 2090 611 vos
2131 564 2249 611 estis
2289 564 2421 610 servi
2453 562 2565 631 Dei,

260 658 310 697 et
348 664 446 696 nos
499 646 594 695 Dei
649 663 817 716 canes,
871 650 997 698 dum
1040 667 1135 700 vos
1192 653 1397 701 assidue
1454 662 1634 700 contra
1672 653 1849 717 ipsum
1888 651 2054 716 agitis,
2110 666 2207 699 nos
2247 652 2563 716 permissum

255 735 517 785 habemus
556 752 651 784 vos
692 738 953 787 morsibus
1005 737 1276 791 lacerare.“
1337 738 1631 807 Statimque
1689 740 1885 788 eiectus
1922 748 1999 787 est
2037 737 2298 788 Sicharius
2339 740 2401 787 de
2444 755 2564 788 con-

255 834 438 890 spectu
500 822 757 876 samonis.
837 823 1085 893 Cumque
1140 827 1268 877 haec
1329 827 1630 894 Dagoberto
1683 829 1789 895 regi
1849 829 2086 876 nuntiata
2152 825 2386 895 fuissent,
2445 827 2563 877 ilico

255 913 400 962 iubet
453 913 517 961 de
572 915 818 962 universo
872 930 1034 982 regno
1075 918 1471 965 Austrasiorum
1511 926 1692 966 contra
1732 915 2021 966 Samonem
2062 925 2112 965 et
2150 915 2400 966 Winidos
2453 933 2565 965 mo·

254 1016 373 1050 vere
432 1004 729 1054 exercitum.
787 1001 947 1068 Igitur
1004 1020 1124 1053 cum
1181 1005 1344 1054 tribus
1404 1007 1590 1053 turmis
1629 1005 1901 1071 legionum
1942 1019 2100 1070 super
2125 1004 2374 1054 Winidos
2423 1020 2567 1054 exer-

256 1091 388 1139 citus
430 1090 734 1158 ingreditur,
777 1093 932 1139 etiam
975 1103 1025 1140 et
1063 1092 1396 1159 Langobardi
1454 1093 1519 1141 ad
1567 1093 1816 1143 solatium
1869 1092 2154 1160 Dagoberti
2208 1092 2465 1143 hostiliter
2513 1096 2566 1142 in

257 1177 470 1228 Sclavos
512 1190 867 1243 perrexerunt.
908 1178 1075 1229 Sclavi
1115 1191 1292 1230 autem
1332 1179 1412 1230 his
1453 1191 1503 1230 et
1541 1182 1652 1230 aliis
1676 1182 1806 1231 locis
1833 1198 1887 1231 se
1916 1199 1943 1231 e
1969 1184 2228 1232 contrario
2255 1193 2565 1249 reparanteS‚

254 1267 676 1316 Alamannorum
721 1269 974 1317 exercitus
1016 1285 1137 1318 cum
1178 1268 1490 1320 Rodoberto
1548 1271 1679 1319 duce
1733 1272 1785 1319 in
1837 1280 1981 1336 parte
2036 1287 2141 1338 qua
2189 1273 2451 1338 ingressus
2492 1281 2568 1320 est

254 1357 530 1405 victoriam
574 1358 817 1422 optinuit.
859 1357 1188 1424 Langobardi
1232 1362 1356 1407 item
1397 1375 1520 1408 cum
1560 1358 1860 1427 Dagoberto
1901 1361 2172 1410 victoriam
2209 1362 2569 1427 optinuerunt,

257 1454 308 1493 et
364 1445 659 1510 plurimum
711 1461 997 1495 numerum
1057 1449 1384 1513 captivorum
1438 1449 1502 1496 de
1558 1446 1752 1497 Sclavis
1801 1448 2083 1498 Alamanni
2138 1458 2188 1498 et
2234 1449 2568 1516 Langobardi

254 1549 437 1582 secum
479 1533 755 1583 duxerunt.
817 1533 927 1583 Rex
965 1550 1089 1584 vero
1146 1546 1334 1584 terram
1390 1536 1531 1585 illam
1590 1537 1877 1599 devastans,
1919 1537 1985 1586 ad
2025 1540 2303 1604 proprium
2344 1554 2567 1604 regnum

255 1637 493 1671 reversus
538 1629 659 1673 est.“
706 1621 779 1691 (Iz
819 1622 1193 1690 Fredegarjeve
1234 1622 1506 1693 Kronike.)

433 1724 762 1777 Conversio
802 1726 938 1792 Bag.
966 1732 1026 1779 et
1053 1727 1305 1787 Carant„
1337 1744 1377 1780 c.
1404 1743 1439 1792 4
1482 1727 1625 1798 (MG.
1654 1727 1765 1792 SS.,
1793 1728 1884 1791 XI,
1915 1726 1993 1798 7):
2039 1728 2432 1799 „Temporibus
2460 1732 2567 1798 glo-

258 1815 382 1863 riosi
421 1816 560 1880 regis
600 1813 924 1865 Francorum
978 1815 1262 1882 Dagoberti
1312 1816 1471 1866 Samo
1513 1820 1798 1867 nomine
1838 1818 2055 1886 quidam
2097 1817 2310 1869 Sclavus
2350 1837 2569 1869 manens

254 1905 307 1951 in
348 1901 700 1964 Quarantanis
743 1903 841 1954 fuit
881 1906 987 1954 dux
1026 1908 1193 1972 gentis
1234 1906 1388 1959 illius,
1442 1905 1548 1967 Qui
1589 1910 1855 1956 venientes
1908 1911 2412 1975 negotiatores
2467 1909 2568 1959 Da-

254 1992 456 2060 goberti
499 1995 631 2059 regis
673 1993 1088 2044 interficere
1130 1997 1278 2044 iussit
1318 2006 1367 2044 et
1406 1998 1545 2061 regia
1593 1994 2051 2067 expoliavit¹)
2107 2000 2345 2064 pecunia.
2405 1997 2570 2059 Quod

254 2083 384 2130 dum
425 2085 665 2148 conperit
706 2082 1034 2150 Dagobertus
1076 2099 1178 2140 rex,
1222 2085 1363 2133 misit
1403 2086 1686 2134 exercitum
1727 2102 1902 2146 suum,
1946 2098 1996 2136 et
2035 2087 2295 2136 damnum
2334 2087 2482 2155 quod
2523 2090 2568 2137 ei

254 2170 396 2219 idem
436 2169 600 2220 Samo
642 2170 763 2220 fecit
802 2173 1062 2222 vindicare
1105 2174 1266 2224 iussit.
1319 2172 1478 2222 Sicuti
1530 2172 1766 2223 fecerunt
1817 2176 1908 2242 qui
1961 2175 2024 2224 ab
2066 2192 2130 2225 eo
2172 2178 2314 2225 missi
2357 2187 2480 2226 sunt
2519 2188 2570 2227 et

253 2261 387 2327 regis
428 2262 639 2310 servitio
682 2261 1032 2310 subdiderunt
1072 2259 1237 2314 illos.“

421 2364 593 2415 Auct.
617 2364 807 2416 Garst.
832 2366 897 2414 ad
926 2382 970 2414 a.
1000 2365 1101 2429 655
1131 2363 1274 2434 (MG.
1297 2364 1398 2424 SS„
1427 2365 1513 2435 IX,
1545 2363 1697 2436 563):
1742 2367 2106 2436 „Dagobertus
2147 2385 2234 2419 rex
2263 2371 2404 2419 misit
2425 2386 2568 2420 exer-

254 2454 416 2502 citum
459 2455 511 2502 in
555 2453 883 2503 Karinthiam
937 2466 1119 2504 contra
1160 2453 1445 2504 Samonem
1490 2456 1680 2505 ducem
1721 2454 2029 2507 Sclavorum
2071 2460 2162 2526 qui
2205 2461 2565 2526 negociatores

253 2542 469 2608 predicti
510 2544 645 2609 regis
686 2542 1058 2596 interfecerat.“
1102 2542 1176 2614 (Iz
1217 2541 1387 2597 Conv.
1410 2543 1535 2612 Bag.
1561 2555 1611 2594 et
1651 2542 1881 2615 Carant.)

429 2646 569 2696 Vita
607 2661 653 2698 s.
681 2647 928 2713 Virgilii,
970 2649 1085 2700 lect.
1113 2646 1179 2697 III
1204 2646 1480 2717 (MG.‚SS.‚
1509 2647 1596 2718 XI,
1625 2645 1739 2718 87):
1788 2649 2177 2718 „Temporibus
2203 2668 2326 2702 vero
2354 2653 2568 2719 gloriosi

253 2737 388 2803 regis
429 2734 755 2785 Francorum
797 2736 1082 2802 Dagoberti
1124 2736 1284 2787 Samo
1325 2739 1543 2787 nomine
1585 2739 1800 2805 quidam
1844 2738 2058 2790 Sclavus
2098 2757 2318 2792 manens
2345 2745 2395 2790 in
2427 2741 2567 2803 Qua-

252 2827 497 2884 rantanis,
541 2822 640 2874 fuit
678 2825 786 2875 dux
825 2829 992 2893 gentis
1035 2827 1187 2876 illius.
1252 2825 1359 2886 Qui
1402 2829 1670 2876 venientes
1712 2830 2072 2894 negociatores
2112 2829 2395 2898 Dagoberti
2434 2835 2568 2900 regis

253 2913 538 2966 interficere
593 2918 756 2985 iussit,
809 2927 859 2965 et
913 2919 1052 2983 regia
1107 2916 1414 2981 exspoliavit
1453 2918 1692 2982 pecunia.
1757 2916 1923 2977 Quod
1978 2919 2108 2969 dum
2165 2924 2424 2988 comperit
2463 2937 2565 2981 rex,

254 3007 416 3055 misso
459 3009 686 3056 exercitu
739 3023 856 3075 sue,
907 3006 1166 3055 damnum
1224 3005 1372 3072 quod
1426 3008 1470 3054 ei
1513 3005 1654 3055 idem
1695 3005 1855 3057 Samo
1900 3011 2282 3060 contumaciter
2323 3011 2568 3061 intulerat

255 3095 390 3143 iusta
431 3098 665 3162 precepit
705 3096 904 3145 ultione
944 3096 1137 3161 puniri,
1180 3105 1230 3144 et
1268 3096 1341 3143 sic
1381 3095 1598 3144 demum
1639 3098 1772 3162 regis
1813 3094 2021 3148 servitio
2049 3099 2248 3149 subacti
2277 3097 2451 3150 sunt.“
2494 3099 2567 3170 (Iz

254 3180 425 3237 ConV.
451 3183 577 3253 Bag.
604 3197 654 3234 et
694 3181 924 3253 Carant.)

422 3288 779 3354 Excerptum
821 3291 891 3340 de
930 3288 1288 3340 Karentanis
1327 3285 1472 3357 (MG.
1502 3287 1603 3350 SS„
1643 3288 1732 3354 XI,
1781 3286 1890 3359 15):
1939 3290 2241 3358 „Tempore
2282 3292 2565 3359 Dagoberti

254 3379 388 3443 regis
440 3375 765 3428 Francorum
817 3388 1058 3445 preerant
1114 3378 1421 3427 Karentanis
1475 3378 1581 3426 dux
1637 3377 1796 3428 Samo
1828 3377 1950 3432 ...“
2007 3379 2079 3443 (Iz
2135 3378 2304 3434 Conv,
2344 3381 2470 3448 Bag.
2516 3393 2566 3431 et

257 3461 486 3535 Carant.)
546 3523 547 3526 Ἴ

436 3611 467 3669 ¹)
499 3613 599 3658 Ker
629 3615 682 3669 je
721 3612 837 3659 Goll
877 3613 1048 3670 (Mitth.
1072 3614 1117 3658 d.
1139 3613 1257 3658 Inst.
1283 3613 1312 3656 f.
1336 3614 1505 3658 osterr.
1539 3612 2103 3673 Geschichtsforschung‚
2141 3616 2224 3671 XI,
2266 3621 2372 3671 444)
2416 3618 2567 3662 izraze

259 3686 490 3745 „nomine,
520 3687 859 3745 negotiatores,
891 3687 1169 3745 interficere,
1216 3685 1502 3743 expoliavit“
1541 3687 1677 3732 nasel
1707 3701 1740 3732 v
1772 3693 1843 3733 48.
1864 3688 1915 3732 in
1947 3692 2018 3734 68.
2039 3690 2273 3747 poglavju
2304 3692 2567 3747 Fredegar-

254 3758 363 3814 jeve
403 3760 636 3819 Kronike‚
677 3761 771 3806 trdi
801 3761 940 3806 vsled
971 3766 1093 3820 tega,
1141 3761 1200 3805 da
1234 3762 1286 3817 je
1326 3760 1484 3804 notica
1527 3773 1556 3804 o
1598 3760 1743 3806 Samu
1774 3775 1807 3806 v
1838 3760 2111 3808 Conversio
2141 3767 2293 3820 zajeta
2324 3765 2367 3809 iz
2396 3767 2566 3810 recene

254 3832 486 3879 Kronike.
518 3834 588 3880 Te
619 3835 724 3880 §tiri
754 3835 943 3893 besede,
974 3835 1026 3879 ki
1059 3847 1112 3880 se
1142 3836 1244 3891 prej
1280 3835 1345 3879 ko
1377 3846 1438 3878 ne
1469 3834 1514 3878 le
1545 3834 1764 3891 sludajno
1796 3835 2018 3893 nahajaj0
2036 3838 2209 3883 vobeh
2240 3839 2432 3891 tekstih‚
2456 3851 2565 3883 nam

255 3906 310 3951 se
339 3919 400 3952 ne
431 3908 591 3964 dajej0
623 3908 832 3965 pravice‚
865 3909 926 3954 da
957 3909 1006 3953 bi
1026 3909 1174 3965 mogli
1195 3909 1276 3963 kaj
1301 3908 1474 3962 takega
1496 3907 1716 3964 sklepati.
1748 3907 1811 3965 (V
1835 3909 2235 3968 Fredegarjevem
2257 3913 2417 3958 tekstu
2441 3912 2565 3969 stoje

253 3982 445 4026 namrec
476 3981 637 4027 izrazi:
669 3995 859 4037 nomen,
890 3983 1213 4040 neguciantes,
1247 3981 1598 4026 interfecissent
1630 3981 1678 4025 in
1709 3982 2071 4042 expoliassent.)
