2872 4504
350 236 435 278 236
1410 216 1478 271 St.
1511 231 1611 271 191.

879 407 1244 474 Aquiligenses
1284 404 1601 453 dissedentes
1642 404 1908 471 synodum

881 498 1077 562 quinta,
1116 496 1206 560 qui
1246 503 1388 542 totus
1429 491 1711 541 concordat
1751 507 1873 540 cum
1913 502 2111 560 quarta,

881 599 985 632 una
1024 591 1351 647 tempnentes
1392 582 1462 628 rei
1504 578 1621 627 facti
1665 581 1923 630 omnium.

1433 739 1564 791 VIII.

883 845 1035 894 Fides
1077 855 1134 893 ut
1174 854 1306 893 esset
1345 846 1395 891 in
1436 853 1545 892 tota
1586 843 1845 908 Hesperia

883 935 1190 1000 coadunata,
1231 931 1470 981 advocari
1512 933 1774 997 praecepit

882 1022 1247 1088 Aquiligenses
1290 1020 1401 1068 urbi
1446 1020 1533 1068 ubi
1575 1019 1791 1084 resedet,

880 1109 1069 1158 Ticino
1112 1109 1246 1158 dicta
1286 1109 1349 1157 ab
1390 1124 1544 1157 amne
1585 1110 1676 1174 qui
1717 1105 1961 1176 confluet,

880 1199 1154 1263 proprium
1197 1212 1379 1263 gerens
1420 1195 1578 1261 Papia
1618 1195 1955 1248 vocabolum.

1466 1355 1550 1407 IX.

881 1446 1075 1496 Aulam
1116 1446 1329 1512 ingressi
1372 1445 1612 1494 ortodoxi
1655 1446 1866 1513 pariter,

880 1535 1126 1584 adversus
1168 1533 1358 1599 prabos
1399 1543 1688 1599 coeperunt
1728 1532 2060 1602 contendere,

879 1622 1040 1671 libros
1079 1622 1309 1688 legentes
1349 1623 1574 1670 sancitos
1616 1637 1644 1670 a
1684 1620 1933 1689 patribus,

886 1710 1032 1759 Pauli
1074 1721 1124 1759 et
1163 1709 1306 1779 Pyrri
1348 1711 1646 1776 detegentes
1686 1709 1941 1774 heresem,

882 1798 1171 1867 Theodori,
1210 1799 1378 1848 Hibae
1420 1799 1685 1865 simulque
1726 1797 2056 1848 Theodoriti.

1473 1960 1537 2013 X.

882 2053 978 2099 Ast
1018 2067 1071 2098 se
1113 2052 1214 2098 iarn
1256 2051 1421 2098 victos
1462 2057 1855 2117 cognoscentes,
1895 2049 2013 2099 ilico

883 2149 1071 2203 petunt
1109 2154 1136 2186 a
1178 2153 1313 2204 rege,
1356 2147 1414 2186 ut
1454 2139 1624 2186 iurent
1665 2135 1905 2187 catholici

886 2227 1073 2275 melius
1114 2227 1353 2292 quintam
1395 2240 1632 2290 recepere
1674 2225 1960 2293 synodum,

884 2326 933 2364 et
972 2332 1025 2363 se
1067 2317 1382 2380 promittunt
1423 2330 1773 2378 consensuros
1813 2323 1996 2380 postea

882 2419 940 2453 ac
981 2405 1240 2452 iuraturos
1282 2402 1601 2452 credendum
1645 2417 1900 2469 recepere.

1463 2565 1550 2617 XI.

882 2652 1124 2721 Namque
1167 2664 1380 2703 ovantes
1422 2656 1635 2721 ingressi
1677 2653 1908 2717 ecclesia,

882 2742 1278 2791 iureiurandum
1321 2740 1600 2792 adfirmant
1639 2742 1976 2792 concordiam

883 2831 1055 2897 adque
1097 2833 1227 2879 uniti
1267 2829 1496 2880 karitatis
1538 2831 1825 2890 vincolum,

885 2921 1042 2968 ostias
1082 2920 1241 2969 simul
1281 2917 1554 2969 offerentes
1596 2919 1907 2978 Dominum,

885 3007 1253 3071 eucharistiam
1292 3009 1567 3058 concordis
1610 3011 1941 3075 participant.

1448 3185 1557 3238 ΧΠ.

885 3273 1073 3324 Nullus
1114 3275 1178 3323 de
1218 3285 1364 3324 tanto
1405 3275 1598 3341 gaudio
1642 3285 1885 3341 potuerat

884 3379 938 3411 se
978 3373 1266 3430 temperare
1307 3380 1334 3411 a
1375 3362 1500 3413 fletu
1542 3374 1592 3414 et
1628 3364 1871 3423 lacrimis,

887 3449 1234 3518 catholicique
1274 3454 1380 3501 sive
1421 3452 1484 3500 de
1524 3454 1845 3518 scismaticis,

884 3541 1133 3588 omnibus
1173 3549 1314 3589 tanta
1353 3541 1618 3607 supplevit
1657 3543 1997 3607 conpuncti0,

885 3638 1153 3678 cernerent
1192 3626 1463 3678 Christum
1503 3630 1572 3678 ibi
1613 3631 1715 3678 acsi
1757 3629 1950 3695 patule.

350 3758 477 3814 kralj
512 3758 827 3814 Kuningpert.
860 3759 1047 3803 Razkol
1077 3759 1220 3804 zarad
1249 3759 1355 3804 treh
1386 3759 1597 3816 poglavij
1624 3761 1678 3815 je
1709 3760 1850 3813 traial
1879 3772 1942 3805 na
1973 3760 2192 3822 Gradezu
2222 3759 2273 3804 in
2303 3771 2367 3816 po
2393 3757 2520 3816 Istri,
2551 3757 2660 3813 kjer

351 3844 410 3877 so
442 3831 620 3877 vladali
649 3831 938 3877 bizantinski
969 3833 1157 3890 cesarji,
1189 3833 1235 3877 le
1266 3834 1459 3878 nekako
1491 3834 1554 3878 do
1585 3834 1679 3878 leta
1711 3837 1827 3888 628„
1859 3846 1923 3890 po
1955 3834 2165 3890 oglejski
2194 3833 2354 3888 zemlii
2384 3844 2462 3890 pa,
2493 3831 2660 3876 katera

346 3908 400 3962 je
446 3905 544 3950 bila
589 3906 687 3962 pod
730 3905 937 3963 oblastjo
969 3906 1347 3962 langobardskih
1378 3908 1582 3963 kraljev,
1628 3919 1683 3952 se
1705 3909 1760 3963 je
1791 3908 2026 3952 odstranil
2056 3908 2111 3953 se
2141 3907 2188 3952 le
2218 3906 2354 3952 okoli
2385 3910 2502 3958 698„
2533 3904 2658 3959 tedaj

353 3984 410 4024 70
457 3979 522 4023 let
565 3980 778 4035 pozneje.
826 3977 1242 4035 Langobardskim
1281 3981 1545 4036 vladarjem
1583 3983 1636 4036 je
1666 3981 1766 4026 bilo
1799 3982 1928 4040 vsec,
1972 3982 2033 4027 da
2063 3993 2121 4027 so
2152 3981 2256 4038 njih
2286 3978 2564 4037 podlozniki
2594 3989 2659 4035 po

352 4052 623 4097 Beneskem
653 4052 789 4108 goJili
819 4054 1079 4098 sovrastvo
1112 4054 1173 4098 do
1204 4055 1410 4099 rimskih
1438 4057 1652 4111 papeiev
1682 4055 1732 4099 in
1762 4055 2084 4101 bizantinskih
2120 4057 2352 4113 cesarjev‚
2381 4054 2432 4098 in
2462 4058 2569 4099 zato
2600 4064 2660 4098 so

354 4125 595 4182 podpirali
624 4126 921 4184 razkolnike,
952 4127 1012 4171 da
1042 4139 1100 4171 so
1132 4127 1253 4183 lazje
1284 4127 1428 4172 ostali
1459 4129 1741 4174 trdovratni.
