2872 4504
1232 231 1304 287 ἐι.
1330 246 1428 285 108.
2357 239 2436 278 137

141 432 241 470 vse
279 413 475 484 zgodaj
516 415 610 468 dal
652 417 1031 483 predstojnike
1059 419 1205 474 stra}
1234 418 1448 487 kriiati,
1470 416 1731 470 nekatere
1751 412 1926 466 izmed
1956 411 2160 464 ostalih
2195 409 2443 477 vojakov

139 520 211 574 pa
249 505 495 560 strafino
516 502 700 561 bibati.

312 594 738 659 Theophylacti
795 593 1151 649 Simocattae
1203 597 1498 650 Historiae
1550 594 1635 646 lib.
1678 589 1761 650 VI,
1821 605 1863 642 c.
1903 588 2045 654 6-9
2102 586 2222 658 (Ed.
2263 586 2322 640 C.
2378 589 2441 638 de

139 682 291 745 Boot,
333 701 383 748 p.
430 680 742 749 230-239)

316 770 460 838 Ibid.,
507 786 549 822 c.
590 770 621 819 6
662 769 733 837 (p.
777 769 931 839 230):
1002 771 1143 839 ,,ἧρος
1197 775 1247 822 δὲ
1294 772 1553 840 ἀρχομένου
1593 772 1616 819 ὁ
1657 767 1918 835 στρατηγὸς
1957 766 2042 814 emb
2084 771 2164 814 ‘⁹05
2205 764 2432 826 βασιλέως
2465 782 2489 831 ξ
2521 786 2562 824 2.
2595 792 2640 835 p.
2673 785 2774 824 230.

135 858 260 925 παρὰ
296 859 375 926 τὀν
400 855 582 924 Ἴστρον
623 859 870 926 ἐπέμπετο,
912 862 1034 920 ὅπως
1074 863 1131 911 τὰ
1172 867 1263 912 τῶν
1303 863 1590 925 Σκλαυηνῶν
1628 859 1740 924 γένη
1781 853 2086 917 διανήξασθαι
2125 855 2203 904 τὀν
2235 856 2439 916 ποταμόν

135 947 412 1010 κωλυόμενα
462 946 649 1013 ἀφοβίαν
697 945 875 998 ἄκοντα
922 956 978 1017 τῇ
1019 949 1179 1018 Θράκῃ
1233 953 1556 1017 παροίσχοιντα
1597 949 1767 1014 ἔφασκε
1819 945 1906 1010 γὰρ
1958 946 1981 992 ὃ
2034 943 2336 1009 αὐτοκράτωρ
2377 942 2441 1007 τῷ

139 1037 339 1104 Πρίσκῳ,
381 1036 464 1086 οὐκ
502 1039 556 1085 ἂν
595 1035 788 1103 ἠρεμοίη
831 1039 882 1086 τ“ο
924 1038 1166 1106 βάρβαρον,
1206 1038 1244 1089 εἰ
1282 1040 1346 1102 μὴ
1387 1041 1467 1089 τ“ον
1492 1035 1672 1103 Ἴστρον
1697 1036 1744 1095 ἐς
1779 1033 1836 1084 τὰ
1860 1032 2062 1097 μάλιστα
2102 1033 2154 1081 τ“ο
2183 1032 2441 1093 (,Ι)ωμα“ι’κ“ον

134 1127 545 1191 περιφρουρήσοιτο.
597 1126 621 1172 ὃ
669 1125 755 1187 μὲν
810 1121 886 1174 οὖν
927 1126 1127 1193 Πρίσκος
1183 1133 1267 1190 τῆς
1316 1127 1506 1190 ἱππικῆς
1562 1126 1798 1188 δυνάμεως
1849 1121 1933 1180 τὰς
1984 1121 2113 1183 ἡνίας
2165 1119 2443 1186 ἐλάμβανεν,
2475 1139 2498 1188 3·
2531 1139 2573 1179 3,

139 1215 338 1272 Γέντζων
377 1214 429 1263 δὲ
467 1219 551 1277 τῆς
588 1214 780 1276 πεζικῆς
818 1214 1039 1277 πληθύος
1091 1217 1338 1265 ἐπιστατεῖν
1394 1216 1479 1264 ύπὶο
1534 1217 1613 1264 τοῦ
1666 1211 1894 1275 βασιλέως
1945 1211 2273 1275 προστάττεται
2332 1209 2443 1276 τῇδε

135 1300 234 1368 περὶ
270 1303 354 1364 τὴν
394 1300 677 1370 Ἡράκλειαν
715 1301 827 1369 ἦρος
868 1307 1115 1365 μεσοῦντος
1156 1306 1207 1354 τ“ο
1249 1302 1510 1367 Ἰ,’ωμα“ι“κ“ον
1551 1301 1871 1368 συναγείρεται.
1899 1299 2146 1362 ἑβδομαῖος
2181 1298 2230 1347 δὲ
2252 1298 2275 1345 ὃ
2300 1314 2434 1362 στρα-
2469 1316 2493 1365 ς
2528 1319 2565 1357 4.

135 1389 280 1456 τηγος
319 1392 403 1453 τὴν
443 1393 612 1458 τάφρον
652 1397 925 1457 μεταροιτᾶν
966 1393 1280 1460 ἐγκελεύεται,
1333 1394 1531 1453 βάσανον
1572 1410 1623 1443 τε
1663 1397 1742 1442 τοῦ
1796 1394 2084 1454 συμμαχικοῦ
2135 1389 2441 1449 ποιησάμενος

136 1478 218 1529 καὶ
255 1480 339 1540 τὰς
391 1481 604 1544 δυνάμεις
644 1481 1085 1549 διαριθμησάμενος,
1140 1483 1222 1542 τὰς
1271 1482 1547 1547 ἐγκυκλίους
1596 1486 1686 1532 τῶν
1732 1480 1989 1547 χρημάτων
2029 1477 2182 1535 αὐτοῖς
2223 1475 2442 1538 διανομὰς

134 1570 395 1631 ἐποιήσατο.
448 1568 629 1637 ἀπάρας
681 1576 792 1635 γοῦν
833 1570 1054 1620 ἐντεῦθεν
1093 1570 1169 1620 καὶ
1207 1574 1428 1638 τέσσαρας
1466 1572 1770 1634 ποιησάμενος
1807 1565 1822 1638 Η
1859 1569 2079 1634 χάρακας
2120 1563 2192 1614 ἐπὶ
2237 1565 2295 1614 τὰ
2332 1565 2437 1631 Δρι-
2469 1584 2493 1632 g·
2525 1583 2567 1637 5,
2598 1592 2644 1636 p,
2676 1585 2776 1625 231.

133 1658 289 1726 ζίπερα
325 1660 513 1724 γίνεται.
553 1661 692 1709 πέντε
733 1659 783 1708 δὲ
822 1661 937 1726 πρὸς
978 1664 1075 1719 ταῖς
1117 1661 1232 1710 δέκα
1273 1651 1556 1727 ἐνδιατρίψας
1595 1660 1784 1725 ἡμέραις
1822 1657 1886 1724 τῷ
1925 1659 2067 1722 χώρῳ
2107 1654 2245 1703 ε’ίκοσι
2274 1650 2444 1720 χάραξι

131 1748 247 1814 πρδς
286 1748 372 1810 τὴν
411 1748 708 1815 Δορὸστολον
746 1749 1056 1815 παραγίνεται.
1099 1752 1122 1798 ὁ
1162 1750 1245 1812 μὲν
1287 1745 1364 1799 οὖν
1390 1750 1610 1815 Χαγάνος
1650 1747 1772 1816 ἀκοῇ
1812 1747 1897 1808 τὴν
1921 1743 2190 1807 Ῥωμαϊκὴν
2230 1744 2442 1808 ἑπιστρα-
2475 1761 2500 1811 g
2532 1760 2574 1802 6,

135 1836 255 1886 τείαν
296 1837 520 1903 διέγνωκε
557 1836 819 1888 κάντεῦθεν
859 1837 1068 1905 πρέσβεις
1109 1840 1172 1898 ὡς
1212 1839 1291 1888 τδν
1332 1839 1533 1905 Πρίσκον
1574 1835 1843 1900 ἐξέπεμπεν.
1880 1834 2164 1900 ἀφικομένων
2202 1838 2311 1897 γοῦν
2352 1836 2442 1882 τῶν

132 1925 369 1987 π’έσβεων
407 1928 473 1986 ὡς
513 1927 592 1976 τὸν
631 1927 844 1995 Πρίσκον,
885 1929 908 1976 ὁ
949 1929 1057 1993 Κίοχ
1096 1927 1344 1995 (βάρβαρος
1384 1927 1435 1977 δὲ
1460 1922 1614 1996 οὗτος)
1638 1926 1783 1976 τῶνδε
1807 1930 1890 1989 τῆς
1914 1923 2156 1991 πρεσβείας
2182 1921 2442 1989 [ῥημάτων]

135 2013 379 2083 ἀπέρξατο.
421 2056 431 2067 .
474 2056 485 2068 .
530 2059 541 2070 .
581 2013 597 2086 Η
638 2056 647 2066 .
689 2057 702 2069 .
743 2056 753 2067 .
796 2018 972 2066 τούτων
1013 2017 1156 2066 τοίνυν
1215 2017 1656 2083 διαπερατωθέντων
1697 2022 1787 2065 τῶν
1826 2014 2004 2081 λέγων,
2058 2010 2138 2062 καὶ
2182 2016 2264 2074 τῆς
2305 2011 2441 2060 δυνά-
2472 2029 2497 2077 g
2523 2029 2592 2083 13,
2625 2037 2670 2081 p,
2695 2028 2795 2069 232,

135 2123 261 2167 μεως
299 2104 614 2172 βαρυνομένης
653 2106 739 2155 ὑπὸ
780 2111 864 2169 τῆς
905 2103 1171 2174 διαλέξεως,
1212 2105 1363 2156 ἐδίδου
1402 2105 1469 2171 τῷ
1508 2107 1674 2172 θράσει
1722 2105 1803 2166 ’.ὴν
1860 2105 2138 2168 συγγνώμην
2177 2102 2200 2148 ὃ
2242 2099 2443 2166 Πρίσκος

137 2191 216 2243 καὶ
253 2192 500 2261 βαρβάροις
538 2194 701 2260 λόγοις
740 2198 1043 2261 συγχώρησιν.
1093 2196 1258 2244 οὐκοῦν
1298 2193 1624 2260 ἀνθυποφορὰν
1680 2199 1737 2262 τῇ
1787 2192 2036 2260 προπετείᾳ
2090 2191 2153 2254 μὴ
2183 2184 2440 2255 παρασχό-
2474 2207 2498 2256 ς·
2534 2207 2602 2247 14,

136 2300 275 2345 μενος
313 2283 431 2332 κατὰ
483 2288 572 2333 τῶν
613 2283 896 2347 Σκλαυηνῶν
937 2285 1101 2350 ἔφησεν
1140 2281 1345 2351 ἄρασθαι
1383 2283 1607 2346 πόλεμον·
1657 2283 1720 2346 μὴ
1770 2282 1858 2349 γὰρ
1913 2277 1990 2332 οὖν
2043 2283 2141 2340 ταῖς
2192 2276 2442 2345 Ἀβαρικαϊς

138 2374 396 2435 συνθήκαις
435 2391 488 2423 τε
529 2371 609 2423 καὶ
648 2373 866 2433 σπονδαῖς
904 2371 981 2423 καὶ
1018 2374 1096 2422 τὀν
1136 2374 1318 2423 Γετικδν
1357 2372 1715 2423 καταλύσασθαι
1751 2360 1976 2435 πόλεμον.
1993 2370 2027 2440 ¹)
2274 2430 2278 2434 .

317 2460 442 2515 Ibid.
467 2477 509 2516 c.
534 2478 566 2529 7
610 2480 658 2529 p.
703 2459 856 2531 232):
907 2462 1178 2526 γ,δωδεκάτη
1221 2463 1271 2512 δὲ
1308 2463 1473 2530 ἡμέρα,
1514 2459 1594 2512 καὶ
1619 2467 1727 2521 ναῦς
1751 2461 1775 2510 ὃ
1807 2460 2062 2527 στρατηγὸς
2088 2454 2441 2522 συμπηξάμενος
2473 2473 2497 2524 g
2531 2475 2569 2514 1,

137 2551 217 2600 ’ἔον
255 2551 466 2613 ποταμὸν
507 2548 760 2619 διενήξατο,
801 2551 1023 2615 ἀκηκοώς
1064 2570 1116 2601 τε
1154 2553 1232 2600 τ“ον
1271 2547 1579 2618 Ἀρδάγαστον
1617 2551 1924 2614 ποιησάμενον
1952 2549 2010 2599 τὰ
2037 2553 2127 2599 τῶν
2155 2546 2442 2609 Σκλαυηνῶν

136 2638 311 2703 πλήθη
352 2639 585 2708 ἀπόδημα,
636 2642 762 2700 ὅπως
812 2641 943 2701 λείας
984 2642 1302 2708 ἐπικυρήσειεν,
1343 2641 1569 2703 μεσούσης
1607 2641 1766 2700 νυκτὸς
1803 2639 1886 2701 τὴν
1924 2639 2088 2705 ἔφοδον
2127 2637 2440 2703 ἐμπορεύεται.

138 2730 161 2776 ἑ
202 2729 286 2790 μὲν
326 2723 403 2777 οὖν
445 2725 751 2796 Ἀρδάγαστος
790 2733 889 2790 ταῖς
930 2730 1057 2795 ὄψεσι
1094 2734 1185 2779 τῶν
1226 2729 1467 2794 ὀνειράτων
1516 2727 1687 2794 χαίρειν
1736 2727 1874 2778 εἰπὼν
1926 2733 1983 2796 τῇ
2038 2745 2089 2776 τε
2137 2732 2217 2776 τοῦ
2256 2724 2440 2792 θρύλου
2471 2742 2496 2792 ς
2527 2743 2569 2784 2,

139 2818 339 2867 ἐπιτάσει
378 2818 598 2884 διανήψας
638 2825 718 2868 τοῦ
756 2820 913 2887 ὕπνου,
954 2821 1090 2868 ἵππου
1128 2823 1303 2883 γυμνῆς
1344 2817 1502 2879 ἐπιβὰς
1553 2818 1634 2879 τὴν
1685 2818 1830 2884 φυγὴν
1878 2814 2137 2878 ἐπεποίητο.
2196 2814 2445 2882 περιπίπτει

138 2909 251 2972 γοῦν
294 2904 536 2970 Ῥωμαίοις
577 2908 614 2974 ὁΔ
642 2907 875 2975 βάρβαρος
931 2906 1010 2958 καὶ
1061 2906 1237 2968 ἀποβὰς
1277 2912 1361 2971 τῆς
1397 2908 1534 2956 ἵππου
1574 2906 1931 2970 κατασυστάδην
1972 2905 2056 2967 τὴν
2097 2906 2255 2970 μάχην
2295 2903 2442 2952 ἀσπά-

137 2999 276 3055 ζεται.
317 2994 416 3056 ἐπεὶ
454 2997 505 3046 δὲ
543 2999 688 3064 φέρειν
729 2997 812 3047 οὒκ
850 2993 949 3063 εἶχε
989 2997 1073 3058 τὴν
1113 2996 1353 3046 ἀντίθετον
1394 2996 1552 3063 ῥύμην,
1593 2995 1664 3045 διὰ
1702 2995 1957 3062 δυσχωρίας
2011 2994 2133 3052 τινὀς
2173 2993 2257 3054 τὴν
2296 2991 2440 3057 φυγὴν
2460 3008 2496 3058 ς
2528 3009 2569 3049 3.

137 3085 482 3151 περιβάλλεται.
536 3087 653 3137 ὅθεν
706 3084 788 3136 οὖν·
820 3083 1126 3153 Ἀρδάγαστος
1180 3087 1470 3151 ἐπροτέρευε·
1496 3087 1591 3144 τοῖς
1645 3086 1882 3148 κινήμασιν
1937 3083 2093 3134 ἐθάδα
2144 3083 2257 3148 πρὸς
2309 3086 2443 3131 τοῦτο

140 3176 434 3237 κεκτημένος
484 3175 566 3236 τὴν
616 3175 755 3241 φύσιν.
806 3178 1077 3242 σκαιοτέρας
1132 3192 1182 3223 τε
1230 3174 1375 3240 τύχης
1426 3174 1753 3236 συμπεσούσηςλ
1793 3173 1932 3239 αὐτῷ,
1985 3174 2171 3238 πρέμνῳ
2227 3170 2442 3235 μεγίστου
2474 3187 2498 3237 ς
2532 3190 2571 3227 4.

139 3264 328 3331 δένδρου
367 3265 487 3324 τινος
524 3264 773 3331 περιπίπτει
811 3266 834 3313 ὁ
875 3261 1122 3330 βάρβαρος.
1163 3263 1384 3313 ἐντεῦθεν
1422 3265 1515 3322 τοῖς
1555 3262 1787 3312 διώκουσιν
1825 3259 1880 3325 ἦν
1919 3265 1974 3311 ἄν
1997 3263 2195 3326 θήραμα
2214 3258 2288 3309 καὶ
2315 3258 2445 3321 μάλα

142 3353 326 3421 εὐκτόν,
381 3351 422 3403 εἰ
459 3353 524 3415 μὴ
579 3354 786 3415 ποταμὸς
826 3352 948 3417 αὐτῷ
987 3354 1203 3418 σωτήριος
1242 3354 1447 3416 γέγονεν·
1491 3347 1705 3412 διανήξας
1743 3350 1832 3417 γὰρ
1871 3349 2194 3416 ἀποδιδράσκει
2222 3348 2311 3397 ’τον
2349 3345 2443 3395 κίν-

140 3441 290 3495 δυνον.
330 3441 371 3491 οἱ
425 3442 508 3504 μὲν
556 3436 633 3491 οὖν
672 3439 887 3504 Ῥωμαῖοι
939 3441 1111 3504 πλήθη
1153 3441 1439 3502 Σκλαυηνῶν
1476 3435 1492 3510 Η
1530 3439 1757 3505 μαχαίρας
1803 3441 2097 3501 ποιησάμενοι
2145 3438 2321 3487 δεῖπνον
2362 3436 2445 3497 τὴν
2477 3450 2503 3506 g
2535 3453 2578 3506 5,
2620 3461 2665 3506 p,
2698 3452 2798 3493 233,
2855 3447 2864 3452 ’

141 3528 251 3595 ἀμφὶ
289 3531 369 3580 τὀν
406 3527 724 3597 Ἀρδάγαστον
765 3530 1079 3593 διατέμνονται
1116 3533 1291 3596 χώραν,
1331 3529 1498 3594 ἐνέρσει
1537 3545 1588 3577 τε
1627 3524 1780 3588 ξύλων
1822 3527 1928 3588 τοὺς
1967 3528 2297 3594 ζωγρηθέντας
2335 3542 2438 3575 ποι-

140 3621 334 3681 ήσαντες
374 3619 423 3678 ἐς
462 3620 705 3678 Βυζάντιον
744 3618 1001 3682 ἔπεμπον.“

322 3706 448 3761 Ibid.
489 3723 528 3758 c.
575 3707 606 3757 8
646 3705 719 3777 (p.
765 3704 1106 3775 234—236):
1151 3704 1330 3773 ,,τοίνυν
1371 3706 1393 3753 ἑ
1434 3704 1627 3770 Πρίσκος
1667 3707 1900 3771 κρατήσας
1938 3709 2031 3764 τοῖς
2069 3704 2231 3768 λόγοις
2270 3704 2317 3762 ἐς
2359 3702 2442 3763 βα-
2475 3720 2498 3770 ς
2531 3721 2571 3766 3,
2619 3728 2650 3772 p
2697 3720 2797 3760 234.

142 3795 274 3845 σιλέα
311 3795 552 3857 ἀπέπεμπε
602 3796 661 3845 τὰ
707 3800 797 3845 τῶν
841 3797 992 3845 πόνων
1035 3784 1252 3860 ἐπίχειρα
1281 3793 1551 3859 τριακοσίοις
1593 3790 1855 3860 συμφράξας
1894 3794 1978 3855 τὴν
2019 3793 2164 3862 λείαν,
2214 3792 2444 3858 προταγον

144 3903 194 3934 τε
234 3885 408 3934 τούτων
448 3885 527 3934 τὀν
565 3883 766 3951 Τατίμερ
804 3887 1139 3951 προεστήσατο.
1183 3885 1205 3931 ὁ
1247 3883 1328 3944 μὲν
1370 3877 1447 3930 οὖν
1486 3882 1688 3948 Τατίμερ
1728 3887 1812 3945 τῆς
1852 3883 1899 3941 ἐς
1937 3883 2182 3940 Βυζάντιον
2218 3880 2402 3946 πορείας
2428 3875 2442 3947 Η
2473 3898 2497 3947 ς·
2530 3901 2570 3950 4,
2619 3905 2662 3949 p.
2696 3895 2796 3937 235.

145 3973 398 4039 ἀπήρχετο,
452 3974 563 4040 ἕκτῃ
615 3972 664 4022 δὲ
717 3974 868 4040 ἡμέρᾳ
908 3973 1189 4034 Σκλαυηνοῖς
1239 3971 1489 4035 περιτυχὼν
1531 3970 1579 4028 ἐς
1618 3968 1847 4034 ἀδόκητον
1889 3970 2180 4035 καταγίνεται
2219 3969 2438 4018 κίνδυνον·

327 4146 355 4203 ¹)
388 4147 586 4193 Zastran
617 4147 768 4194 izraza
806 4150 901 4206 »τὸν
933 4149 1107 4192 Γετικὸν
1140 4146 1350 4201 πόλεμον
1387 4143 1448 4201 gl.
1474 4143 1531 4188 ἑῑ.
1558 4148 1630 4193 98.
