2872 4504
382 265 466 302 118
1439 244 1504 299 St.
1531 259 1603 308 96,
1634 261 1703 300 97.

557 437 892 487 Chronicon
935 440 1079 500 patr.
1109 435 1298 499 Aquil.
1328 434 1580 497 primum
1621 432 1851 501 (Rubeis‚
1880 432 2025 484 Mon.
2056 434 2174 484 eccl.
2196 434 2387 500 Aquil„
2420 438 2567 499 App„
2598 431 2668 501 7):

387 524 636 584 „Severus
676 523 962 590 patriarcha
1003 525 1246 572 successit
1286 523 1467 571 Heliae
1509 522 1650 587 apud
1690 522 2022 588 Aquilegiam
2052 538 2261 578 novam,
2305 534 2354 571 et
2378 522 2474 571 XV
2504 539 2673 572 annos

380 612 524 662 sedit.
579 612 753 672 Quem
794 612 1108 676 Smaragdus
1149 612 1392 676 patricius
1434 611 1699 658 nolentem
1750 609 2037 659 Ravennati
2080 613 2329 675 episcopo
2371 610 2666 669 adhaerere,

380 716 501 748 cum
540 700 702 748 tribus
743 702 1067 765 coepiscopis
1109 699 1171 747 de
1214 697 1386 746 Grado
1429 699 1680 747 violenter
1706 697 2021 754 abstrahens,
2065 714 2187 746 cum
2231 698 2416 764 injuria
2465 698 2672 748 Raven-

382 803 500 835 nam
541 787 700 854 duxit,
740 788 1059 852 compellens
1089 787 1334 835 eumdem
1364 785 1615 835 Severum
1643 786 1780 834 dicto
1806 785 2094 836 Ravennati
2138 789 2389 852 episcopo
2419 790 2467 834 in
2498 788 2664 837 tribus

379 875 635 923 damnatis
663 877 898 941 capitulis
925 892 952 923 a
975 891 1109 940 papa
1137 874 1343 940 Pelagio
1378 873 1668 924 adhaerere.
1710 873 1810 923 Sed
1831 874 1968 939 justo
2002 874 2093 923 Dei
2120 875 2314 939 judicio
2348 875 2672 942 Smaragdus

379 966 623 1029 patricius
664 980 692 1012 a
732 965 1015 1012 daemonio
1058 974 1341 1030 correptus,
1397 961 1915 1028 Constantinopolim
1959 966 2218 1014 remeavit.
2274 963 2492 1013 Severus
2533 981 2679 1032 vero,

382 1053 584 1117 expleto
643 1069 750 1101 uno
808 1069 964 1120 anno,
1016 1051 1081 1100 ad
1137 1050 1370 1100 Gradum
1423 1067 1545 1099 cum
1603 1051 1762 1099 tribus
1818 1054 2143 1117 coepiscopis
2183 1052 2402 1114 rediens,
2444 1069 2551 1102 non
2595 1065 2672 1102 est

382 1152 615 1206 receptus
655 1157 683 1189 a
724 1141 953 1208 populis,
992 1156 1087 1188 nec
1127 1141 1220 1188 sibi
1265 1141 1543 1188 voluerunt
1581 1141 1663 1188 alii
1705 1141 1937 1204 episcopi
1981 1142 2417 1192 communicare.“

558 1230 899 1281 Chronieon
940 1235 1088 1294 patr.
1126 1229 1321 1292 Aquil.
1363 1230 1614 1278 alterum
1655 1226 1887 1295 (Rubeis,
1929 1227 1960 1278 1.
1988 1243 2044 1294 c.,
2079 1232 2214 1293 App.
2257 1227 2310 1296 9)
2375 1228 2671 1296 „Defuncto

383 1319 494 1368 Elia
555 1318 855 1385 patriarcha,
912 1319 1157 1368 successit
1213 1316 1431 1366 Severus
1487 1315 1787 1381 patriarcha,
1844 1319 1932 1382 qui
1974 1316 2105 1364 sedit
2145 1333 2310 1365 annos
2350 1316 2460 1368 XV.
2523 1318 2680 1366 Hunc

381 1407 595 1475 quidam
639 1407 953 1473 Smaragdus
994 1407 1235 1472 patricius
1276 1421 1396 1454 cum
1424 1405 1585 1453 tribus
1615 1406 1873 1469 episcopis
1901 1403 2206 1453 Ravennam
2237 1405 2483 1471 injuriose
2512 1407 2677 1468 duxit,

383 1496 702 1562 compellens
742 1512 831 1544 eos
859 1498 1246 1544 communicare
1275 1496 1526 1559 episcopo
1556 1493 1857 1559 Ravennati,
1884 1495 1975 1559 qui
2005 1505 2110 1542 erat
2139 1492 2438 1544 haereticus.
2472 1494 2669 1544 Verum

383 1585 557 1634 divino
618 1584 813 1649 judicio
869 1585 1036 1632 dictus
1093 1582 1408 1649 Smaragdus
1464 1599 1492 1630 a
1533 1583 1815 1631 daemonio
1870 1593 2138 1645 correptus
2196 1593 2286 1633 est.
2350 1582 2571 1632 Severus
2613 1584 2677 1632 ad

385 1675 656 1723 ecclesiam
697 1675 981 1730 revertitur,
1025 1684 1074 1722 et
1114 1673 1264 1721 bonis
1306 1671 1552 1735 operibus
1594 1673 1749 1719 vitam
1793 1669 2004 1723 finivit.“

563 1762 816 1813 Danduli
847 1761 1201 1828 Chronicon‚
1241 1761 1326 1808 lib.
1354 1759 1441 1824 VI,
1472 1776 1514 1813 c.
1542 1775 1568 1808 2
1598 1759 1890 1827 (Muratori,
1914 1757 2099 1825 Script.
2122 1775 2215 1812 rer.
2243 1760 2368 1817 Ital„
2398 1759 2509 1822 XII,
2545 1759 2678 1827 104):

387 1850 639 1919 „Severus
679 1867 846 1900 novae
887 1851 1131 1900 ecclesiae
1174 1847 1458 1913 patriarcha
1501 1847 1749 1897 infulatus
1792 1860 1868 1897 est
1907 1865 2045 1897 anno
2090 1848 2302 1897 Domini
2355 1849 2685 1902 DLXXXVI.

385 1940 540 1989 Hunc
582 1940 645 1987 de
687 1939 934 1988 Ravenna
977 1950 1167 1998 ortum,
1217 1949 1267 1987 et
1306 1936 1650 2003 patriarcham
1694 1936 1885 1986 factum
1930 1937 2244 2003 Smaragdos
2288 1941 2550 2003 patricius,
2595 1956 2678 1988 ve-

384 2031 530 2077 niens
585 2029 647 2077 de
701 2028 949 2077 Ravenna
1003 2027 1256 2090 Gradum,
1314 2028 1377 2075 de
1434 2027 1642 2075 basilica
1685 2029 1846 2082 traxit,
1910 2037 1958 2075 et
1996 2042 2174 2076 secum
2221 2027 2368 2076 duxit
2409 2043 2528 2076 cum
2573 2028 2685 2076 aliis

382 2118 544 2166 tribus
587 2119 844 2183 episcopis
885 2133 945 2165 ex
986 2116 1143 2184 Istria‚
1184 2116 1421 2165 videlicet
1462 2115 1654 2164 Ioanne
1699 2115 1991 2182 Parentino,
2041 2126 2091 2163 et
2131 2114 2321 2164 Severo
2365 2114 2684 2183 Trigestino,

385 2217 433 2255 et
473 2205 753 2256 Vindemio
795 2204 1088 2262 Cenetensi‚
1132 2215 1288 2272 atque
1330 2206 1564 2253 Antonio
1607 2204 1711 2268 jam
1753 2220 1874 2252 sene
1902 2205 2146 2252 ecclesiae
2170 2203 2462 2272 defensore,
2488 2207 2682 2273 quibus

385 2297 712 2344 comminans
754 2296 917 2360 exilia,
959 2305 1114 2361 atque
1154 2294 1458 2342 violentiam
1500 2291 1738 2360 inferens,
1777 2295 2168 2342 communicare
2198 2295 2457 2360 compulit
2491 2295 2681 2344 Joanni

383 2383 669 2432 Ravennati
711 2386 870 2433 trium
910 2383 1263 2449 capitulorum
1305 2383 1614 2441 damnatori,
1670 2384 1761 2448 qui
1802 2393 2038 2446 tempore
2083 2381 2253 2448 Vigilii
2298 2399 2462 2448 papae
2508 2401 2535 2432 a
2578 2383 2682 2434 Ro-

387 2489 569 2521 manae
628 2473 870 2521 ecclesiae
924 2472 1207 2521 desciverat
1257 2474 1519 2521 societate.
1577 2470 1772 2537 Elapso
1827 2481 2004 2519 autem
2047 2487 2187 2519 anno
2231 2471 2294 2519 de
2338 2472 2589 2523 Ravenna
2633 2477 2682 2523 in

387 2560 624 2610 Gradum
675 2564 860 2610 reversi
914 2572 1053 2623 sunt,
1115 2561 1307 2627 quibus
1366 2577 1459 2610 nec
1517 2561 1662 2626 plebs
1704 2562 2097 2609 communicare
2139 2560 2325 2624 voluit,
2392 2578 2486 2611 nec
2530 2566 2685 2612 ceteri

387 2652 618 2715 episcopi
659 2667 748 2699 eos
788 2662 1108 2715 receperunt.
1149 2649 1464 2716 Smaragdus
1506 2661 1681 2698 autem
1723 2651 2018 2714 patriciusa
2045 2649 2326 2699 daemonio
2355 2666 2463 2700 non
2494 2652 2686 2716 injuste

387 2750 655 2804 correptus
695 2737 1217 2805 Constantinopolim
1244 2739 1406 2807 rediit,
1442 2741 1521 2789 cui
1548 2738 1821 2788 Romanus
1861 2740 2122 2806 successit,
2158 2750 2207 2787 et
2244 2739 2312 2788 illi
2346 2738 2684 2794 Gallicinus.“

566 2827 691 2879 Ibid.
735 2829 819 2878 lib.
866 2827 946 2887 VI,
990 2845 1031 2881 c.
1067 2843 1111 2888 2,
1154 2843 1270 2893 pars
1303 2843 1368 2893 29
1412 2827 1464 2894 (1.
1493 2845 1533 2880 c.
1560 2846 1608 2893 p.
1638 2826 1775 2896 1.08):
1827 2827 1957 2886 „Hic
2000 2826 2216 2877 Severus
2243 2827 2531 2894 patriarcha
2567 2845 2687 2879 cum

389 2917 605 2966 sedisset
646 2919 793 2966 annis
832 2916 970 2984 XXI,
1010 2918 1117 2966 dies
1158 2917 1327 2966 XXXI
1370 2929 1611 2966 mortuus
1653 2929 1744 2976 est,
1790 2918 2089 2984 relinquens
2131 2917 2268 2966 bona
2309 2934 2404 2967 sua
2446 2919 2689 2967 ecclesiae

389 3017 591 3054 sanctae
649 3004 993 3071 Euphemiae‚
1058 3007 1438 3055 commendans
1498 3007 1871 3064 sacerdotibus,
1933 3017 1991 3055 ut
2031 3008 2175 3055 omni
2219 3007 2301 3054 die
2343 3007 2542 3055 sabbati
2586 3022 2686 3073 pro

390 3096 503 3159 ipso
547 3096 726 3142 missas
768 3094 1099 3163 celebrarent,
1157 3106 1313 3162 atque
1357 3095 1647 3145 oblationes
1690 3093 1935 3154 offerent;
1998 3111 2341 3162 mensamque
2392 3111 2690 3163 pauperum

390 3180 496 3231 fieri
540 3184 775 3250 instituit,
818 3194 867 3232 et
908 3187 957 3232 in
1002 3184 1183 3232 eadem
1227 3184 1440 3233 ecclesia
1481 3182 1776 3250 sepelitur.“

1398 3441 1506 3510 St.
1563 3442 1682 3511 97.

571 3548 722 3607 okoli
765 3551 891 3608 587.
916 3549 952 3620 ¹)
1641 3538 1643 3541 ¹

504 3630 507 3632 ’
569 3639 992 3707 Langobardski
1050 3641 1193 3706 kralj
1251 3643 1446 3695 Autari
1488 3641 1544 3707 je
1584 3642 1770 3709 poslal
1825 3642 1989 3708 svojo
2030 3641 2237 3709 vojsko
2277 3658 2312 3694 v
2353 3643 2566 3697 Istr0.
2620 3643 2695 3696 Za

393 3727 716 3796 poveljnika
750 3726 823 3794 jej
862 3728 917 3793 J'e
957 3731 1198 3796 postavil
1238 3730 1679 3797 tridentinskega
1718 3730 1962 3797 vojvoda
2000 3731 2194 3800 Evina,
2222 3731 2401 3785 kateri
2423 3731 2479 3797 je
2503 3731 2697 3785 deielo

394 3816 592 3883 oropal
643 3816 699 3867 in
755 3816 971 3884 poigal.
1027 3817 1173 3871 Nato
1207 3818 1264 3885 je
1303 3818 1490 3889 (Evin)
1530 3835 1595 3871 za
1634 3834 1740 3872 eno
1779 3819 1892 3872 leto
1930 3819 2139 3873 sklenil
2180 3820 2284 3873 mir
2323 3828 2405 3873 ter
2444 3819 2695 3887 svojemu

396 3903 582 3969 kralju
621 3904 862 3971 prinesel
901 3907 1107 3960 domov
1146 3923 1353 3976 mnogo
1392 3907 1632 3974 denarja.

575 4018 606 4075 ¹)
638 4021 770 4073 Krali
815 4021 975 4066 Autari
1002 4025 1054 4078 je
1085 4023 1246 4068 vladal
1277 4024 1340 4068 od
1371 4028 1619 4070 584—590.
1659 4024 1704 4067 V
1745 4030 1839 4068 tem
1880 4026 1996 4069 casu
2027 4036 2080 4070 se
2104 4027 2158 4080 je
2189 4027 2308 4080 torej
2344 4026 2505 4070 izvrsil
2541 4026 2698 4082 napad

396 4106 428 4137 v
460 4094 599 4136 Istro.
630 4095 664 4136 Z
697 4094 875 4138 ozirom
906 4107 967 4139 na
998 4102 1063 4154 to,
1094 4097 1184 4141 kar
1213 4098 1529 4154 pripoveduje
1561 4097 1696 4142 Paul.
1719 4097 1837 4143 diae.
1861 4111 1895 4142 v
1924 4099 2051 4154 tretji
2082 4099 2249 4156 knjigi‚
2281 4100 2409 4155 pogl.
2434 4104 2502 4144 26.
2530 4100 2578 4143 in
2610 4104 2700 4156 29„

397 4167 445 4209 bi
479 4166 616 4210 smeli
647 4167 790 4224 trditi,
823 4168 882 4212 da
907 4170 958 4223 je
989 4170 1155 4213 Autari
1187 4171 1381 4226 najbrie
1411 4171 1505 4215 leta
1538 4175 1638 4215 587.
1670 4170 1828 4227 poslal
1861 4173 2004 4226 svojo
2036 4173 2217 4227 vojsko
2249 4186 2282 4217 v
2313 4174 2452 4217 Istro.
