2872 4504
184 969 228 1012 p.
255 961 356 1002 271.

195 2934 236 2974 p.
265 2923 361 2964 166.

190 3290 236 3333 p.
263 3281 360 3322 167.

394 256 478 294 140
1453 235 1518 290 St.
1553 251 1653 290 108.

392 431 468 477 συν
509 426 673 486 πάσαις
725 431 817 485 ταῖς
855 425 1133 488 Ῥωμαϊκαῖς
1184 423 1424 487 δυνάμεσιν
1479 422 1551 473 ἐπὶ
1598 421 1677 473 τὸν
1718 424 1894 494 Ἵστρον
1941 422 2150 484 ποταμὸν
2204 426 2419 494 ἔπεμψεν,
2471 428 2590 476 ὥστε
2630 428 2685 476 τὰ

392 518 657 566 Σκλαυινῶν
697 518 815 577 ἐ’θνη
858 517 1114 586 διαπερᾶσαι
1151 515 1357 581 κωλύσῃ.
1399 514 1565 569 τούτου
1603 513 1652 569 δὲ
1693 509 1924 570 ἐλθόντος
1963 510 2035 561 ἐπὶ
2073 510 2153 562 τὸν
2178 514 2481 584 Δορόστολον,
2522 517 2544 562 ό
2585 518 2683 564 Xon*-

390 603 532 670 γάνος
583 607 753 667 μαθὼν
803 603 1004 674 πρέσβεις
1055 601 1281 665 ἐξέπεμψε
1331 599 1440 672 πρὸς
1491 601 1645 667 αὐτόν,
1698 599 1776 650 καὶ
1813 605 2061 668 κατῃτιᾶτο
2102 599 2352 663 Ῥωμαίους
2409 601 2579 672 ἐ’ναρξιν
2620 607 2685 668 τῲ

390 693 585 757 πολέμῳ
639 693 854 750 διδόντας.
898 694 919 739 ἑ
962 693 1011 740 δὲ
1052 691 1245 761 Πρίσκος
1285 690 1578 756 ἀπελογεῖτο,
1620 690 1686 737 ἔτι
1728 688 1776 737 οὔ
1816 686 1926 759 πρὸς
1950 686 2176 759 Ἀβάρους
2215 687 2295 739 τὸν
2334 691 2542 755 πόλεμον
2580 709 2681 740 ποι-

391 786 496 843 ῆσαι
534 783 844 850 παραγέγονα,
900 780 1030 828 ἀλλὰ
1067 777 1176 849 πρὸς
1213 779 1268 827 τὰ
1308 778 1575 826 Σκλαυινῶν
1615 778 1734 839 ἔθνη
1777 774 1862 826 ὑπὸ
1902 783 1982 826 τοῦ
2022 774 2362 848 αὐτοκράτορος
2402 776 2683 841 ἀπεστάλην.

390 857 607 932 ἀκηκοὼς
647 870 696 918 δὲ
723 871 746 916 ό
775 867 984 938 Πρίσκος,
1027 864 1425 938 ότιἈρδοί-(αστος
1465 867 1523 916 τὰ
1560 866 1730 928 πλήθη
1772 871 1862 915 τῶν
1890 867 2151 915 Σκλαυινῶν
2175 864 2284 937 πρὸς
2308 865 2362 916 τὸ
2383 868 2629 938 πραιδεΰειν
2650 867 2686 936 ¹)

391 959 706 1027 διεσκόρπισεν,
762 953 1032 1027 διαπεράσας
1082 954 1161 1005 τὸν
1203 953 1382 1025 Ἴστρον
1436 953 1451 1024 {1
1502 956 1726 1018 μεσούσης
1776 952 1936 1013 νυκτὸς
1987 955 2224 1017 ἀδοκήτως
2273 961 2341 1021 τῷ
2381 944 2686 1026 Ἀρδαῇὀίστῳ

389 1043 632 1107 συνέμιξεν.
673 1047 696 1093 ό
737 1046 786 1094 δὲ
827 1042 1143 1115 ’.Αρδάγαστος
1199 1050 1278 1093 τοῦ
1332 1044 1537 1092 κινδύνου
1579 1041 1855 1105 αἰσθόμενος
1891 1044 2027 1092 ἵππου
2066 1062 2117 1093 τε
2152 1050 2325 1108 γυμνοῦ
2365 1045 2519 1106 ἐπιβὰς
2557 1045 2689 1107 μόλις

391 1135 666 1191 διασώζεται.
708 1134 747 1183 οἱ
786 1134 836 1183 δὲ
876 1134 1094 1195 Ῥωμαῖοι
1132 1132 1375 1190 ἀνελόντες
1412 1133 1581 1195 πλήθη
1623 1131 1894 1181 Σκλαυινῶν
1937 1130 2016 1181 καὶ
2040 1133 2122 1194 τὴν
2146 1131 2244 1203 περὶ
2266 1130 2344 1182 τὸν
2371 1130 2686 1204 Ἀρδάγαστον

393 1224 681 1284 διατεμόντες
718 1225 872 1292 χώραν
912 1220 1227 1287 αἰχμαλωσίας
1266 1218 1316 1270 τε
1355 1223 1662 1291 κρατήσαντες
1700 1220 1905 1279 πολλοὺς
1943 1219 2002 1279 εὶς
2040 1218 2093 1270 τὸ
2119 1222 2360 1279 Βυζάντιον
2389 1223 2592 1286 ἔπεμπον
2616 1224 2687 1273 διὰ

390 1312 653 1382 Ἰἀτίμερος
710 1313 732 1359 ό
775 1312 824 1360 δὲ
864 1311 1061 1380 Ἱῗατίμερ
1115 1311 1316 1368 ἐκλύτ(·)ς
1356 1310 1438 1371 τὴν
1477 1310 1656 1380 πορείαν
1697 1311 1965 1372 ποιοΰμενος
2002 1308 2079 1359 καὶ
2117 1310 2178 1369 εἰς
2216 1313 2372 1374 μέθην
2410 1310 2486 1360 καὶ
2525 1314 2687 1383 τρυφὴν

391 1400 610 1458 ἐπιδιδοὺς
648 1400 827 1462 ἠμέλει.
868 1397 944 1448 καὶ
983 1404 1038 1466 τῇ
1079 1400 1201 1469 τρίτῃ
1241 1401 1388 1469 ἡμέρα
1426 1398 1596 1461 πλήθη
1638 1398 1910 1448 Σκλαυινῶν
1950 1398 2230 1449 ἐπιτίθενται
2267 1400 2406 1466 αὐτῷ·
2447 1399 2521 1450 καὶ
2547 1401 2689 1468 δειλίᾳ

392 1489 643 1554 συσχεθείς,
695 1490 871 1554 φεύγων
911 1486 983 1551 εἰς
1035 1484 1089 1536 τὸ
1142 1488 1384 1546 Βυζάντιον
1438 1483 1565 1550 ἧκεν.
1623 1487 1662 1535 οἱ
1703 1488 1752 1536 δὲ
1792 1487 1869 1535 σὺν
1900 1487 2036 1553 ἀὐτῷ
2076 1488 2294 1550 Ῥωμαῖοι
2331 1489 2562 1559 ἐγκρατῶς
2600 1493 2690 1549 τοῖς

391 1577 654 1635 Σκλαυινοῖς
691 1578 1008 1641 μαχησάμενοι
1048 1582 1262 1646 κρατοῦσι
1302 1579 1390 1624 τῶν
1431 1574 1667 1645 βαρβάρων
1708 1573 1976 1646 παραδόξως
2015 1574 2094 1625 καὶ
2131 1575 2192 1635 εἰς
2229 1574 2282 1650 τὸ
2324 1578 2565 1636 Βυζάντιον
2606 1579 2688 1640 τὴν

391 1664 709 1731 αἰχμαλωσίαν
751 1671 818 1731 τῷ
859 1664 1037 1726 βασιλεῖ
1074 1664 1395 1723 ἀποσώζουσιν·
1426 1666 1449 1712 ό
1477 1665 1527 1714 δὲ
1552 1664 1844 1735 αὒτοκράτωρ
1867 1665 2130 1735 εὐφρανθεὶς
2148 1665 2506 1737 εὖχαριστηρίους
2526 1668 2691 1729 ὖμνους

391 1751 509 1817 μετὰ
545 1756 693 1817 πάσης
732 1760 812 1817 τῆς
848 1753 1034 1812 πόλεως
1075 1760 1142 1819 τῷ
1181 1759 1288 1818 θεῷ
1327 1755 1611 1824 προσέφερεν.
1654 1754 1677 1801 ὁ
1718 1754 1768 1802 δὲ
1808 1752 2001 1824 Πρίσκος
2037 1757 2272 1825 θαρρήσας
2309 1753 2370 1814 εἰς
2408 1755 2464 1805 τὰ
2489 1752 2690 1827 ἐσώτερα

389 1845 501 1912 με’ρη
543 1847 634 1891 τῶν
674 1843 941 1892 Σκλαυινῶν
982 1843 1156 1913 ἐχώρει.
1197 1843 1364 1904 Γήπαις
1403 1843 1452 1891 δέ
1492 1841 1605 1912 ἀνὴρ
1645 1847 1724 1905 τῆς
1750 1841 2003 1913 θρησκείας
2030 1847 2121 1892 τῶν
2150 1843 2432 1908 Χριστιανῶν
2472 1846 2686 1916 ὑπάρχων

389 1930 642 1993 αὐτομολεῖ
678 1929 787 2001 πρὸς
825 1929 1077 1994 Ῥωμαίους
1116 1929 1195 1981 καὶ
1234 1932 1318 1992 τὴν
1360 1931 1538 1980 εἴσοδον
1578 1935 1670 1990 τοῖς
1708 1929 1946 1994 Ῥωμαίοις
1970 1929 2214 1992 ὑπέδειξεν.
2243 1930 2321 1982 καὶ
2341 1938 2430 1983 τῶν
2452 1932 2688 2005 βαρβάρων

390 2019 660 2089 ἐκράτησαν·
701 2020 838 2084 ἔφησε
879 2020 929 2069 δὲ
966 2019 1041 2069 καὶ
1080 2019 1387 2086 Μουσοὺκιον,
1438 2017 1515 2069 τὸν
1567 2021 1686 2086 ῥῆγα
1737 2025 1828 2069 τῶν
1886 2016 2142 2091 βαρβάρων,
2196 2018 2286 2070 ἀπὸ
2326 2020 2565 2092 τριάκοντα
2603 2040 2688 2085 ση-

390 2109 526 2170 μείων
583 2109 764 2173 διάγειν.
805 2109 1022 2179 προδοσίᾳ
1070 2109 1119 2157 δὲ
1172 2111 1249 2157 τοῦ
1290 2109 1512 2170 Γήπαιδος
1564 2108 1720 2170 διαβὰς
1774 2106 1852 2158 τὸν
1906 2107 2115 2172 ποταμὸν
2156 2111 2178 2158 ό
2219 2110 2411 2180 Πρίσκος
2464 2113 2690 2174 μεσούσης

389 2195 548 2255 νυκτὸς
585 2197 773 2267 εὑρίσκει
812 2195 892 2247 τὸν
920 2199 1204 2247 Μουσοὺκιον
1246 2198 1577 2268 διεφθαρμένον
1617 2202 1674 2269 τῇ
1714 2200 1860 2266 μέθῃ·
1902 2195 2134 2264 ἐπιτάφιον
2173 2199 2261 2269 γὰρ
2287 2200 2448 2270 ἑορτὴν
2474 2207 2553 2250 τοῦ
2581 2199 2689 2250 ἰδίου

391 2286 589 2351 ἀδελφοῦ
642 2288 880 2357 ἑώρταζεν·
923 2284 1002 2336 καὶ
1041 2293 1202 2336 τοῦτον
1242 2285 1593 2349 συλλαβόμενος
1630 2288 1780 2345 ζῶντα
1818 2289 1953 2352 φόνον
2011 2287 2157 2336 πολὺν
2212 2289 2259 2337 ἐν
2315 2292 2406 2348 τοῖς
2456 2287 2692 2360 βαρβάροις

390 2373 652 2446 εἰργάσατο.
693 2375 877 2438 πολλῆς
916 2375 966 2425 δὲ
1005 2374 1324 2441 αἰχμαλωσίας
1360 2377 1669 2445 κρατήσαντες
1708 2381 1846 2446 τρυφῇ
1887 2374 1966 2426 καὶ
1991 2377 2121 2444 μέθῃ
2150 2377 2335 2437 ἑαυτοὺς
2361 2370 2688 2427 ἐκδεδὼκασιν.

390 2465 811 2534 συναθροισθέντες
851 2465 901 2514 δὲ
941 2465 980 2513 οἱ
1019 2461 1239 2535 βάρβαροὶ
1277 2467 1369 2523 τοῖς
1406 2466 1687 2526 νενικηκόσιν
1739 2465 2010 2530 ἐφίστανται·
2069 2463 2149 2516 καὶ
2199 2464 2256 2528 ἦν
2312 2467 2364 2515 ἄν
2403 2468 2431 2529 ἡ
2473 2466 2691 2526 ἀντίδοσις

390 2552 698 2623 χαλεπωτέρα
738 2558 818 2616 τῆς
855 2551 1201 2624 προϋπαρξάσης
1240 2552 1571 2620 ἀνδραγαθίας,
1611 2552 1650 2602 εἰ
1688 2554 1752 2616 μὴ
1797 2555 1820 2602 ό
1853 2555 1886 2603 Γ
1887 2555 2030 2614 ε’νζων
2055 2554 2172 2616 μετὰ
2211 2560 2291 2618 τῆς
2329 2557 2513 2619 πεζικῆς
2552 2552 2688 2605 δυνά.-

391 2657 511 2702 μεως
550 2645 640 2689 τῶν
680 2639 921 2703 Ῥωμαίων
960 2642 1140 2700 ἐπιστὰς
1179 2643 1309 2709 μάκῃ
1351 2643 1546 2710 κραταιᾷ
1593 2639 1849 2692 διεκώλυσε
1903 2642 1983 2701 τὰς
2033 2643 2175 2709 όρμὰς
2223 2648 2314 2693 τῶν
2366 2641 2624 2711 βαρβάρων.
2666 2648 2688 2694 ό

393 2729 441 2778 δὲ
482 2730 676 2795 Πρίσκος
715 2730 817 2788 τοὺς
855 2731 937 2791 τὴν
977 2730 1168 2796 φρουρὰν
1207 2730 1334 2796 αὐτῷ
1373 2732 1750 2794 πεπιστευμένους
1788 2731 2196 2782 ἀνεσκολόπισεν.“

595 2819 891 2870 Anastasii
919 2818 1407 2884 Chronographia
1448 2820 1761 2884 tripertita.
1790 2818 1906 2889 (Ed.
1932 2818 1993 2871 C.
2023 2821 2086 2870 de
2114 2820 2266 2874 Boot.
2297 2838 2345 2886 p.
2380 2822 2492 2877 166,
2546 2820 2686 2891 167):

399 2906 726 2974 „Undecimo
770 2910 970 2973 imperii
1013 2907 1244 2957 Mauricii
1288 2925 1427 2957 anno
1470 2950 1480 2960 .
1520 2948 1531 2959 .
1573 2948 1584 2960 .
1626 2911 1907 2974 imperator
1946 2921 2120 2960 autem
2168 2909 2395 2960 Priscum
2425 2927 2546 2960 cum
2575 2929 2686 2960 om-

396 2995 548 3043 nibus
587 2995 853 3046 Roma’l‘cis
912 2998 1267 3062 potentatibus
1325 2998 1387 3045 ad
1447 2997 1689 3046 Histrum
1746 2996 1966 3047 fluvium
2017 3000 2167 3054 misit,
2232 3009 2288 3048 ut
2327 2998 2686 3050 Sclavinorum

396 3085 631 3132 nationes
690 3087 901 3133 transire
959 3084 1267 3150 prohiberet.
1309 3102 1417 3152 quo
1479 3087 1619 3151 apud
1660 3086 1983 3136 Dorostolon
2045 3087 2221 3137 habito
2284 3087 2546 3154 chaganus
2587 3088 2688 3140 hoc

396 3174 678 3237 coniperi13
732 3175 820 3239 qui
865 3173 1042 3240 legatis
1083 3174 1144 3222 ad
1189 3191 1308 3222 eum
1352 3174 1555 3223 directis
1597 3175 1911 3223 calumniam
1957 3174 2205 3225 inferebat
2244 3176 2496 3226 Romanis
2538 3193 2686 3227 exor-

394 3260 538 3308 dium
583 3261 823 3310 dantibus
865 3262 998 3314 belli.
1041 3261 1240 3310 Priscus
1281 3273 1455 3311 autem
1499 3264 1852 3322 excusabatur,
1881 3264 2025 3331 quod
2051 3281 2156 3314 non
2185 3263 2200 3332 gi
2225 3268 2420 3315 venerit
2444 3267 2687 3315 adversus

399 3348 641 3397 barbaros
682 3349 1054 3418 belligeratum,
1094 3350 1181 3398 sed
1223 3351 1369 3417 quod
1410 3351 1471 3399 ad
1513 3349 1873 3401 Sclavinorum
1918 3355 2154 3402 nationes
2194 3370 2222 3401 a
2263 3356 2494 3420 principe
2536 3353 2689 3404 fuerit

398 3435 693 3487 destinatus,
724 3438 940 3486 audiens
966 3448 1139 3486 autem
1172 3437 1390 3495 Priscus,
1419 3439 1565 3505 quod
1594 3439 1910 3505 Ardagastus
1938 3441 2296 3490 multitudines
2325 3439 2684 3492 Sclavinorum

397 3523 460 3571 ad
503 3525 855 3588 praedandum
908 3527 1218 3592 disperserit,
1278 3529 1527 3575 transiens
1569 3527 1805 3577 Histrum
1869 3530 2038 3578 media
2095 3540 2245 3579 nocte
2287 3532 2552 3596 inopinate
2593 3534 2686 3580 Ar-

397 3613 608 3678 dagasto
640 3616 948 3663 coniunctus
990 3625 1079 3666 est,
1119 3625 1170 3663 at
1209 3630 1330 3664 vero
1372 3615 1688 3681 Ardagastus
1730 3617 2023 3665 discrimine
2065 3634 2222 3668 senso
2266 3619 2466 3667 nudum
2510 3635 2685 3668 ascen·

399 3700 524 3747 «lens
574 3717 768 3766 equum
826 3703 905 3749 vix
967 3702 1139 3751 salvus
1206 3705 1378 3763 evasit,
1446 3703 1783 3773 Romanique·
1845 3706 2266 3755 multitudinibus
2326 3706 2682 3756 Sclavinorum

400 3790 580 3836 occisis
607 3799 655 3836 et
695 3790 961 3855 Ardagasti
1006 3792 1214 3856 regione
1258 3806 1493 3855 perversa
1536 3793 1776 3857 praedam
1821 3795 2088 3858 copiosam
2132 3805 2333 3858 captam
2376 3793 2682 3862 Byzantium

400 3891 489 3940 per
528 3874 855 3924 Tatemerem
901 3878 1208 3930 direxerunt.
1250 3894 1422 3946 porro,
1463 3895 1581 3927 cum
1625 3878 1870 3929 Tatemer
1910 3882 2178 3946 expeditus
2219 3884 2311 3930 iter
2337 3881 2527 3931 faciens
2557 3885 2683 3932 ebri-

399 3965 513 4011 etati
557 3980 665 4011 sese
708 3975 861 4030 atque
904 3965 1097 4014 deliciis
1139 3967 1372 4025 traderet,
1415 3966 1770 4016 Sclavinorum
1817 3970 1864 4015 in
1894 3986 2013 4017 eum
2051 3970 2410 4019 multitudines
2452 3973 2683 4032 irruunt3

399 4053 488 4116 qui
531 4049 807 4099 formidine
850 4068 1054 4118 pressus
1113 4052 1360 4120 fugiendo
1418 4054 1725 4122 Byzantium
1784 4058 1936 4108 venit.
1993 4067 2069 4106 ast
2107 4056 2351 4117 Romani,
2419 4061 2508 4125 qui
2562 4075 2681 4108 cum

581 4165 610 4223 ¹)
641 4169 865 4220 Πραιδεὺω
899 4168 939 4211 iz
971 4169 1177 4213 latinske
1208 4170 1382 4214 besede
1414 4170 1713 4226 „praedare“.
