2872 4504
265 451 289 500 ἓ
324 453 362 492 7.

131 549 134 552 ·
183 551 215 594 p
263 542 364 582 243.

39 725 86 771 p.
106 717 208 771 2⁴5,
240 716 264 766 s
294 717 364 758 20.

231 981 256 1032 ἓ
286 984 358 1023 21.

398 275 484 316 146
661 271 664 275 ’
1441 256 1509 314 St.
1541 271 1641 312 113.

395 452 472 499 τὀν
525 449 747 498 πόλεμον·
803 450 1004 513 ἔφασκον
1060 448 1149 513 γὰρ
1189 447 1253 508 μὴ
1295 446 1488 503 ἐνδίκως
1527 445 1662 494 αύτὲν
1701 443 2294 510 χαλεπαίνεινῬωμαίοις.
2336 448 2693 514 μεγαλοφρένως

395 538 538 588 τοίνυν
578 539 601 586 ὁ
643 535 1063 603 Πρίσκοςπρέσβιν
1104 537 1167 593 ὡς
1206 535 1282 583 τὀν
1321 535 1538 598 Χαγάνον
1578 531 1807 597 ἐξέπεμψε
1844 532 2111 603 (Θεόδωρος
2148 530 2164 603 Η
2203 535 2348 596 ὄνομα
2389 534 2550 603 αὐτῷ),
2608 538 2692 598 τὴν

392 629 515 691 φύσιν
569 626 710 691 ἄνδρα
750 622 895 683 δεξιόν
935 642 985 673 τε
1026 621 1103 672 καὶ
1142 620 1428 688 ευεπίβολον,
1471 621 1556 681 τὴν
1596 623 1762 685 τέχνην
1804 620 1972 687 ἰατρόν,
2026 621 2110 681 τὴν
2147 622 2366 685 γλῶτταν
2407 622 2688 689 ἐλεύθερον.

399 710 532 772 οὗτος
571 714 622 762 δέ
659 714 872 778 κραταιὸς
909 713 1024 777 προς
1063 712 1140 760 τὸν
1180 712 1393 773 Χαγάνον
1433 708 1607 773 ἐγίνετο
1650 749 1660 760 .
1704 749 1715 760 .
1758 748 1768 759 .
1808 705 1823 778 ΙΙ
1863 749 1873 759 .
1918 748 1928 759 .
1972 747 1983 758 .
2024 708 2248 758 ἀπέδοντο
2287 709 2432 759 τοίνυν
2471 710 2691 772 Ῥωμαῖοι

394 802 498 862 τοὺς
550 802 826 858 ἑαλωκότας
880 800 945 864 τῷ
985 800 1191 863 Χαγάνῳ
1250 794 1526 863 βαρβάρους,
1582 802 1672 847 τῶν
1713 798 1763 846 δὲ
1809 797 1984 846 λοιπῶν
2023 797 2237 862 λαφύρων
2276 797 2510 863 ἀμέτοχον
2553 801 2690 849 αὒτὶον

391 892 684 954 ποιησάμενοι
723 888 953 937 διαλύουσι
991 889 1043 936 τ“ο
1083 885 1355 951 ἀμφίβολον.
1398 885 1644 947 ἀσμενίσας
1684 885 1828 934 τοίνυν
1869 887 1892 933 ὃ
1931 886 2154 950 Χαγάνος
2193 886 2276 947 τὴν
2310 890 2406 935 ,τῶν
2445 885 2690 953 βαρβάρων

391 979 604 1028 ἀπόδοσιν
655 980 814 1042 χώραν
869 976 1013 1024 ἐδίδου
1066 978 1163 1034 ταῖς
1212 973 1480 1035 διαβάσεσιν.
1541 975 1662 1023 ούτω
1716 975 1800 1036 μὲν
1852 969 1928 1022 οὖν
1969 974 2009 1022 οἱ
2047 971 2265 1035 Ῥωμαῖοι
2301 976 2438 1024 πέντε
2476 974 2690 1038 χιλιάδας

390 1066 631 1132 βαρβάρων
685 1065 750 1130 τῷ
790 1065 996 1128 Χαγάνῳ
1042 1066 1213 1128 προῖκα
1250 1061 1622 1124 καταβαλόμενοι
1661 1061 1733 1111 ἐπὶ
1771 1062 1828 1111 τὰ
1866 1062 2102 1128 Δριζίπερα
2140 1061 2354 1126 γίνονται.
2396 1063 2419 1109 ὃ
2461 1062 2512 1111 δὲ
2553 1080 2691 1128 στρα-

390 1156 531 1220 τηγος
571 1153 749 1218 ἀφίκετο
790 1153 838 1211 ἐς
877 1153 1132 1210 Βυζάντιον.
1189 1157 1428 1217 τοιγαροῦν
1468 1152 1491 1198 ἑ
1533 1150 1788 1216 Μαυρίκιος
1839 1150 1905 1216 τῷ
1944 1151 2124 1216 Πρίσκῳ
2180 1151 2406 1216 ἐμέμφετο
2462 1150 2692 1215 σφάλμασί

390 1261 440 1292 τε
480 1242 697 1304 εὐηθείας
735 1240 872 1289 <ab—tw
910 1239 1215 1305 περιέβαλλεν
1255 1239 1482 1298 ἀσυνέτως
1523 1239 1857 1288 ἀποδεδωκότα
1896 1237 1961 1303 τῷ
2002 1237 2217 1305 βαρβάρῳ
2257 1239 2338 1300 τὴν
2376 1238 2553 1289 λείαν.“

565 1329 944 1394 Theophanis
985 1327 1474 1392 chronographia
1513 1327 1578 1376 ad
1618 1343 1662 1379 a.
1699 1325 1773 1380 M.
1817 1326 1956 1391 6087
2000 1324 2080 1396 (=
2123 1342 2222 1392 595
2267 1344 2295 1376 a
2353 1324 2501 1395 Chr.)
2542 1325 2688 1396 (Rec.

390 1418 450 1471 C.
490 1420 552 1467 de
593 1418 749 1476 Boor,
792 1435 842 1483 p.
888 1413 1034 1485 273):
1080 1418 1136 1485 „5
1178 1416 1228 1465 δὲ
1267 1414 1483 1476 βασιλεὺς
1505 1416 1583 1464 τὀν
1604 1415 1805 1481 Πρίσκον
1830 1420 1913 1477 τῆς
1938 1415 2214 1480 στρατηγίας
2243 1415 2480 1483 ἀποπαύει,
2510 1417 2690 1481 Πέτρον

389 1508 455 1575 δέ,
496 1508 573 1556 τ“ον
613 1509 774 1555 ἑαυτοῦ
798 1504 1014 1571 ἀδελφόν,
1054 1504 1310 1570 στρατηγδν
1345 1509 1428 1566 τῆς
1454 1504 1690 1565 δυνάμεως
1716 1506 1904 1552 ποιεῖται
1929 1500 2185 1565 Ῥωμαίων,
2227 1505 2250 1551 ὁ
2276 1504 2360 1566 μὲν
2390 1498 2466 1552 οὖν
2495 1504 2691 1571 Πρίσκος

388 1597 471 1656 τὰς
511 1597 719 1658 δυνάμεις
758 1596 983 1660 ἀράμενος
1021 1591 1122 1660 πρὶν
1161 1597 1190 1654 ἢ
1231 1594 1309 1642 τ“ον
1336 1595 1510 1659 Πέτρον
1537 1594 1710 1657 φθάσαι
1749 1592 1938 1659 διαπερᾷ
1976 1593 2056 1642 τ“ον
2094 1594 2316 1655 ποταμόν·
2342 1593 2365 1640 ὃ
2395 1593 2445 1642 δὲ
2469 1593 2691 1657 Χαγάνος

388 1686 471 1746 τὴν
511 1683 757 1748 μετάβασιν
781 1689 861 1732 τοῦ
885 1681 1149 1744 Ῥωμαϊκοῦ
1187 1682 1306 1731 λαοῦ
1346 1682 1570 1743 ἀκηκοὼς
1598 1681 1703 1730 λίαν
1730 1681 1970 1743 ἐθαύμαζε
1998 1679 2076 1730 καὶ
2104 1681 2220 1747 πρὸς
2246 1682 2325 1730 τ“ον
2354 1680 2553 1747 Πρίσκον
2578 1681 2689 1730 ἀπέ-

388 1773 582 1840 στειλεν,
623 1776 790 1834 μαθεῖν
830 1772 911 1832 τὴν
952 1770 1093 1820 αἰτίαν
1135 1771 1354 1834 ἐπιζητῶν
1396 1768 1475 1819 καὶ
1513 1773 1673 1835 μοῖραν
1712 1768 1874 1830 λαβεῖν
1914 1774 1999 1832 τῆς
2037 1770 2229 1834 πραίδας
2256 1766 2292 1837 ¹)
2330 1767 2408 1818 καὶ
2446 1770 2567 1819 οὔτω
2610 1770 2689 1819 τῖον

385 1863 594 1924 ποταμδν
634 1858 951 1922 διανήξασθαι.
992 1859 1096 1908 λίαν
1135 1859 1224 1926 γὰρ
1263 1858 1567 1923 ἐχαλέπαινεν
1593 1857 1666 1907 ἐπὶ
1691 1861 1786 1917 τοῖς
1811 1857 2093 1924 εὐτυχήμασι
2117 1863 2208 1907 τῶν
2236 1856 2492 1919 Ῥωμαίων.
2522 1859 2692 1919 πέμ-,ει

387 1951 533 2000 τοίνυν
573 1952 596 1998 ὁ
636 1949 835 2016 Πρίσκος
874 1947 976 2015 περὶ
1015 1950 1190 1998 τούτων
1229 1949 1343 2015 πρὸς
1381 1948 1460 1997 τ“ον
1499 1949 1719 2011 Χαγάνον
1758 1946 1942 2014 πρέσβιν
1982 1946 2228 2014 Θεόδωρον
2268 1948 2348 1997 τ“ον
2373 1945 2524 2013 ἰατρδν
2552 1946 2690 2012 ἀγχι-

385 2040 482 2106 νοίᾳ
521 2037 600 2088 καὶ
638 2041 809 2087 συνέσει
847 2038 1216 2100 κεκοσμημένον.
1256 2077 1268 2088 .
1310 2075 1320 2086 .
1364 2076 1374 2086 .
1417 2037 1439 2084 ἑ
1481 2036 1531 2085 δὲ
1569 2037 1788 2101 Χαγάνος
1828 2042 1972 2086 ταῦτα
2010 2036 2230 2098 ἀκηκοὼς
2271 2034 2351 2085 καὶ
2389 2035 2687 2101 ύπογελάσας

385 2128 523 2193 ἔφησε
562 2127 645 2188 τὴν
684 2125 864 2192 εἰρήνην
903 2127 1044 2193 ἄγειν,
1084 2130 1140 2193 τῇ
1181 2125 1232 2174 δὲ
1270 2127 1522 2191 προαιρέσει
1550 2125 1767 2191 Πρίσκου,
1805 2124 1848 2173 εἴ
1881 2142 1921 2174 τι
1959 2127 2013 2174 ἂν
2052 2123 2183 2193 θέλῃ
2223 2129 2314 2174 τῶν
2352 2124 2567 2191 λαφύρων
2609 2124 2689 2173 τὀν

384 2217 606 2281 Χαγάνον
646 2221 839 2278 τιμῆσαι.
881 2217 905 2262 ὁ
946 2214 996 2263 δὲ
1021 2213 1222 2279 Πρίσκος
1262 2214 1345 2274 τὴν
1386 2213 1706 2279 αἰχμαλωσίαν
1733 2213 1944 2262 ἀπέδωκε
1983 2213 2049 2279 τῷ
2088 2214 2296 2279 Χαγάνῳ
2334 2213 2444 2278 ὑπὲρ
2483 2218 2566 2275 τῆς
2591 2213 2688 2262 διοι-

385 2303 578 2365 βάσεως.
618 2304 675 2353 τὰ
714 2304 764 2353 δὲ
801 2304 980 2370 λάφυρα
1018 2305 1168 2352 πάντα
1205 2302 1367 2363 λαβὼν
1407 2302 1659 2362 ἀκινδύνως
1698 2303 1775 2351 τὀν
1800 2303 2009 2364 ποταμδν
2038 2302 2315 2369 διεπέρασεν.
2345 2303 2368 2350 ἑ
2395 2302 2446 2351 δὲ
2470 2303 2686 2367 Χαγάνος

386 2398 530 2441 ταῦτα
584 2389 833 2453 δεξάμενος
881 2394 1012 2453 ἥσθη
1072 2390 1309 2455 μεγάλως·
1368 2389 1447 2440 καὶ
1485 2392 1508 2438 c‘:
1551 2391 1752 2456 Πρίσκος
1793 2389 1855 2450 εἷς
1894 2392 2140 2449 Βυζάντιον
2178 2387 2312 2454 ἧκεν.
2354 2392 2377 2439 ὁ
2419 2391 2470 2440 δὲ
2510 2391 2688 2457 Πέτρος

385 2481 468 2542 τὴν
509 2480 786 2548 στρατηγίαν
824 2479 1140 2546 παρέλαβεν.“

560 2569 756 2621 Photii
810 2570 872 2620 in
922 2569 1430 2633 Theophylactum
1481 2570 1803 2620 summaria
1856 2567 1974 2638 (Ed.
2025 2567 2086 2621 C.
2132 2569 2196 2618 de
2252 2568 2407 2627 Boot,
2465 2585 2515 2634 p.
2574 2564 2687 2636 13):

384 2697 414 2725 ,,
457 2697 467 2708 .
511 2696 521 2707 .
565 2696 576 2707 .
618 2659 742 2716 ὅπως
770 2655 971 2723 Πρίσκος
1012 2657 1431 2723 ἀποχειροτονεϊται
1469 2656 1534 2722 τῷ
1575 2657 1726 2707 δοῦναι
1764 2658 1830 2724 τῷ
1867 2658 2076 2724 Χαγάνῳ
2115 2657 2204 2707 ἀπὸ
2244 2662 2326 2721 τῆς
2366 2662 2459 2707 τῶν
2498 2656 2687 2707 Σκλαυ-

384 2749 507 2807 ήνων
546 2745 692 2814 λείας,
746 2745 821 2795 καὶ
861 2747 1035 2812 Πέτρος
1086 2746 1512 2812 ἀντιχειροτονεϊται
1548 2748 1803 2813 στρατηγὸς
1842 2751 1925 2809 τῆς
1964 2746 2089 2796 κατὰ
2127 2747 2212 2808 τὴν
2250 2747 2474 2813 Εὒρώπην
2514 2747 2686 2811 μάχης·

389 2833 466 2884 καὶ
503 2833 604 2901 περὶ
643 2834 884 2901 Θεοδώρου
923 2838 1002 2884 τοῦ
1040 2834 1276 2900 πρέσβεως
1316 2842 1395 2885 τοῦ
1434 2834 1686 2895 σταλέντος
1724 2837 1840 2902 πρὸς
1877 2837 1954 2885 τὀν
1994 2836 2214 2900 Χαγάνον
2250 2836 2334 2886 ὑπὸ
2361 2841 2440 2884 τοῦ
2468 2835 2686 2901 Πρίσκου,

383 2928 466 2986 τῆς
507 2942 557 2973 τε
596 2921 697 2989 περὶ
734 2924 868 2973 αὺτὸν
907 2924 1112 2983 παιδείας
1153 2922 1232 2974 καὶ
1271 2922 1586 2987 δεξιότητος.“

561 3013 863 3064 Anastasii
888 3012 1379 3078 chronographia
1402 3014 1699 3078 tripertita
1712 3011 1832 3084 (Ed.
1859 3011 1920 3067 C.
1943 3014 2007 3063 de
2032 3013 2189 3075 Boor,
2212 3031 2262 3080 p.
2295 3010 2438 3080 168):
2470 3011 2684 3083 „Tertio

385 3100 592 3150 decimo
620 3103 823 3167 imperii
849 3101 1085 3151 Mauricii
1110 3094 1250 3151 anno
1279 3140 1289 3150 .
1318 3142 1331 3155 .
1358 3140 1368 3150 .
1399 3111 1451 3151 at
1487 3117 1612 3151 vero
1654 3103 1937 3169 imperator
1960 3101 2195 3152 Priscum
2235 3111 2475 3169 praetura
2514 3103 2683 3167 privat

384 3199 435 3238 et
487 3188 696 3239 Petrum
739 3188 951 3239 fratrem
989 3206 1148 3239 suum
1188 3199 1487 3256 praetorem
1527 3189 1800 3240 Romanae
1841 3189 1963 3240 facit
1998 3192 2220 3243 virtutis.
2258 3192 2435 3258 itaque
2478 3189 2684 3240 Priscus

384 3277 601 3344 quidem
629 3278 907 3328 virtutibus
928 3280 1171 3345 sumptis,
1211 3281 1523 3346 priusquam
1548 3278 1730 3329 Petrus
1755 3281 2089 3346 pervenisset,
2129 3289 2414 3329 transmeat
2452 3295 2682 3331 amnem.

382 3363 646 3433 chaganus
699 3377 876 3417 autem
915 3369 1133 3417 transitu
1172 3367 1406 3418 Romani
1447 3367 1626 3418 audito
1668 3370 1920 3418 exercitus
1958 3368 2110 3418 valde
2149 3370 2365 3419 miratus
2406 3377 2484 3417 est
2522 3377 2572 3417 et
2611 3366 2677 3416 ad

383 3453 618 3503 Priscum
660 3457 815 3515 misit,
873 3455 1068 3505 discere
1109 3472 1319 3506 causam
1362 3472 1619 3524 quaerens
1660 3467 1710 3506 et
1748 3457 1973 3523 praedae
2012 3472 2221 3507 sumere
2261 3467 2462 3523 partem
2502 3458 2681 3524 sicque

382 3558 593 3591 amnem
663 3546 902 3593 transire:
962 3547 1118 3593 nimis
1187 3537 1334 3594 enim'
1384 3546 1645 3596 saeviebat
1699 3561 1857 3612 super
1915 3544 2244 3596 felicitatibus
2298 3545 2683 3607 Romanorum.

385 3632 543 3679 mittit
582 3646 705 3698 ergo
745 3631 949 3682 Priscus
989 3649 1144 3699 super
1184 3632 1288 3698 hoc
1328 3634 1393 3683 ad
1434 3632 1729 3701 chaganum
1768 3634 2017 3703 legatum,
2056 3633 2405 3685 Theodorum
2446 3633 2684 3684 videlicet

382 3718 649 3768 medicum
703 3722 976 3786 sagacitate
1034 3738 1092 3771 ac
1144 3722 1495 3789 intellegentia
1549 3732 1890 3789 perornatum
1918 3763 1970 3776 ..
2000 3765 2011 3776 .
2039 3722 2119 3772 his
2176 3722 2440 3790 chaganus
2493 3723 2681 3773 auditis

380 3805 593 3855 subrisit
618 3816 667 3856 et
700 3810 770 3856 ait
796 3825 849 3857 se
881 3825 1063 3874 pacem
1106 3813 1301 3863 sectari.
1340 3810 1544 3860 Priscus
1585 3821 1762 3860 autem
1803 3809 2038 3877 chagano
2077 3811 2302 3861 reddidit
2339 3827 2435 3879 pro
2463 3813 2680 3862 transitu

382 3894 629 3959 praedam
658 3905 707 3944 et
733 3900 928 3946 exuviis
970 3900 1218 3949 omnibus
1258 3902 1482 3965 sumptis
1522 3900 1633 3947 sine
1673 3899 1949 3964 dispendio
1991 3916 2208 3949 amnem
2247 3902 2495 3952 transivit.
2519 3915 2678 3966 porro

379 3979 646 4048 chaganus
699 3982 779 4033 his
830 3989 1084 4053 susceptis
1143 3985 1418 4054 magnifice
1458 3986 1768 4047 laetabatur;
1811 3987 2129 4055 Priscusque
2168 3987 2479 4057 Byzantium
2520 3990 2679 4054 venit,

382 4079 436 4117 et
474 4068 655 4120 Petrus
696 4083 993 4137 praeturam
1034 4072 1308 4141 suscepit.“

562 4185 594 4241 ¹)
626 4187 795 4239 Πραῖδα
820 4208 874 4224 --
897 4190 1073 4245 praeda
1102 4189 1261 4247 (plen).
