<?xml version="1.0" encoding="UTF-8"?>
<!DOCTYPE html PUBLIC "-//W3C//DTD XHTML 1.0 Transitional//EN"
    "http://www.w3.org/TR/xhtml1/DTD/xhtml1-transitional.dtd">
<html xmlns="http://www.w3.org/1999/xhtml" xml:lang="en" lang="en">
 <head>
  <title>
</title>
<meta http-equiv="Content-Type" content="text/html;charset=utf-8" />
  <meta name='ocr-system' content='tesseract 3.04.00' />
  <meta name='ocr-capabilities' content='ocr_page ocr_carea ocr_par ocr_line ocrx_word'/>
</head>
<body>
  <div class='ocr_page' id='page_1' title='image "./gradivozazgodovi01kosmuoft_0343.png"; bbox 0 0 2872 4504; ppageno 0'>
   <div class='ocr_carea' id='block_1_1' title="bbox 1186 254 2509 319">
    <p class='ocr_par' dir='ltr' id='par_1_1' title="bbox 1186 254 2509 319">
     <span class='ocr_line' id='line_1_1' title="bbox 1186 254 2509 319; baseline -0.008 -10"><span class='ocrx_word' id='word_1_1' title='bbox 1186 254 1253 309; x_wconf 69' lang='lat' dir='ltr'>St.</span> <span class='ocrx_word' id='word_1_2' title='bbox 1284 268 1386 319; x_wconf 86' lang='lat'>213,</span> <span class='ocrx_word' id='word_1_3' title='bbox 1417 267 1519 307; x_wconf 82' lang='lat'><strong>214.</strong></span> <span class='ocrx_word' id='word_1_4' title='bbox 2423 258 2509 299; x_wconf 85' lang='lat'>259</span> 
     </span>
    </p>
   </div>
   <div class='ocr_carea' id='block_1_2' title="bbox 215 433 2532 2106">
    <p class='ocr_par' dir='ltr' id='par_1_2' title="bbox 218 433 2513 685">
     <span class='ocr_line' id='line_1_2' title="bbox 218 433 2510 510; baseline -0.004 -19"><span class='ocrx_word' id='word_1_5' title='bbox 218 458 433 491; x_wconf 90' lang='lat' dir='ltr'>monem</span> <span class='ocrx_word' id='word_1_6' title='bbox 475 440 663 489; x_wconf 88' lang='lat' dir='ltr'>ducem</span> <span class='ocrx_word' id='word_1_7' title='bbox 705 441 756 487; x_wconf 91' lang='lat' dir='ltr'>in</span> <span class='ocrx_word' id='word_1_8' title='bbox 792 442 920 489; x_wconf 90' lang='lat' dir='ltr'>iram</span> <span class='ocrx_word' id='word_1_9' title='bbox 949 444 1146 510; x_wconf 75' lang='lat' dir='ltr'>exarsit,</span> <span class='ocrx_word' id='word_1_10' title='bbox 1186 453 1235 491; x_wconf 93' lang='lat' dir='ltr'>et</span> <span class='ocrx_word' id='word_1_11' title='bbox 1275 442 1337 490; x_wconf 91' lang='lat' dir='ltr'>de</span> <span class='ocrx_word' id='word_1_12' title='bbox 1379 442 1571 489; x_wconf 89' lang='lat' dir='ltr'>ducatu</span> <span class='ocrx_word' id='word_1_13' title='bbox 1599 437 1858 504; x_wconf 88' lang='lat' dir='ltr'>deposuit.</span> <span class='ocrx_word' id='word_1_14' title='bbox 1900 433 2123 482; x_wconf 91' lang='lat' dir='ltr'>Pemmo</span> <span class='ocrx_word' id='word_1_15' title='bbox 2153 435 2340 481; x_wconf 89' lang='lat' dir='ltr'>timore</span> <span class='ocrx_word' id='word_1_16' title='bbox 2369 435 2510 500; x_wconf 90' lang='lat' dir='ltr'>regio</span> 
     </span>
     <span class='ocr_line' id='line_1_3' title="bbox 218 511 2513 597; baseline -0.003 -21"><span class='ocrx_word' id='word_1_17' title='bbox 218 532 269 577; x_wconf 88' lang='lat' dir='ltr'>in</span> <span class='ocrx_word' id='word_1_18' title='bbox 311 528 614 579; x_wconf 87' lang='lat' dir='ltr'>Sclavorum</span> <span class='ocrx_word' id='word_1_19' title='bbox 657 531 878 594; x_wconf 90' lang='lat' dir='ltr'>patriam</span> <span class='ocrx_word' id='word_1_20' title='bbox 920 547 1039 579; x_wconf 90' lang='lat' dir='ltr'>cum</span> <span class='ocrx_word' id='word_1_21' title='bbox 1082 534 1187 580; x_wconf 88' lang='lat' dir='ltr'>suis</span> <span class='ocrx_word' id='word_1_22' title='bbox 1229 527 1421 597; x_wconf 86' lang='lat' dir='ltr'>fugit.¹)</span> <span class='ocrx_word' id='word_1_23' title='bbox 1459 529 1575 578; x_wconf 84' lang='lat' dir='ltr'>Rex</span> <span class='ocrx_word' id='word_1_24' title='bbox 1614 542 1736 577; x_wconf 87' lang='lat' dir='ltr'>vero</span> <span class='ocrx_word' id='word_1_25' title='bbox 1777 511 1897 574; x_wconf 84' lang='lat' dir='ltr'>dicti</span> <span class='ocrx_word' id='word_1_26' title='bbox 1940 522 2242 571; x_wconf 76' lang='lat' dir='ltr'>pemmonis</span> <span class='ocrx_word' id='word_1_27' title='bbox 2282 518 2417 570; x_wconf 89' lang='lat' dir='ltr'>filios</span> <span class='ocrx_word' id='word_1_28' title='bbox 2463 531 2513 570; x_wconf 93' lang='lat' dir='ltr'>et</span> 
     </span>
     <span class='ocr_line' id='line_1_4' title="bbox 219 607 2399 685; baseline -0.003 -18"><span class='ocrx_word' id='word_1_29' title='bbox 219 634 403 667; x_wconf 91' lang='lat' dir='ltr'>omnes</span> <span class='ocrx_word' id='word_1_30' title='bbox 444 619 537 684; x_wconf 88' lang='lat' dir='ltr'>qui</span> <span class='ocrx_word' id='word_1_31' title='bbox 576 616 856 666; x_wconf 89' lang='lat' dir='ltr'>Pemmoni</span> <span class='ocrx_word' id='word_1_32' title='bbox 898 619 1252 677; x_wconf 72' lang='lat' dir='ltr'>adhaeserant,</span> <span class='ocrx_word' id='word_1_33' title='bbox 1293 620 1455 685; x_wconf 91' lang='lat' dir='ltr'>longo</span> <span class='ocrx_word' id='word_1_34' title='bbox 1496 629 1736 681; x_wconf 89' lang='lat' dir='ltr'>ternpore</span> <span class='ocrx_word' id='word_1_35' title='bbox 1777 611 2065 663; x_wconf 90' lang='lat' dir='ltr'>carceribus</span> <span class='ocrx_word' id='word_1_36' title='bbox 2106 607 2399 661; x_wconf 85' lang='lat' dir='ltr'>cruciavit.“</span> 
     </span>
    </p>

    <p class='ocr_par' dir='ltr' id='par_1_3' title="bbox 215 694 2532 2106">
     <span class='ocr_line' id='line_1_5' title="bbox 395 694 2515 775; baseline -0.005 -19"><span class='ocrx_word' id='word_1_37' title='bbox 395 706 733 757; x_wconf 86' lang='lat' dir='ltr'>Chronicon</span> <span class='ocrx_word' id='word_1_38' title='bbox 774 711 920 771; x_wconf 86' lang='lat' dir='ltr'>patr.</span> <span class='ocrx_word' id='word_1_39' title='bbox 943 708 1138 772; x_wconf 89' lang='lat' dir='ltr'>Aquil.</span> <span class='ocrx_word' id='word_1_40' title='bbox 1166 709 1415 758; x_wconf 86' lang='lat' dir='ltr'>alterum</span> <span class='ocrx_word' id='word_1_41' title='bbox 1459 705 1693 775; x_wconf 88' lang='lat' dir='ltr'>(Rubeis,</span> <span class='ocrx_word' id='word_1_42' title='bbox 1734 702 1766 755; x_wconf 89' lang='lat'>1.</span> <span class='ocrx_word' id='word_1_43' title='bbox 1791 717 1831 754; x_wconf 90' lang='lat' dir='ltr'>c.</span> <span class='ocrx_word' id='word_1_44' title='bbox 1859 718 1908 767; x_wconf 87' lang='lat' dir='ltr'>p.</span> <span class='ocrx_word' id='word_1_45' title='bbox 1935 696 2018 768; x_wconf 87' lang='lat'>9):</span> <span class='ocrx_word' id='word_1_46' title='bbox 2065 697 2166 767; x_wconf 87' lang='lat' dir='ltr'>„Et</span> <span class='ocrx_word' id='word_1_47' title='bbox 2206 694 2515 756; x_wconf 73' lang='lat' dir='ltr'>notandum,</span> 
     </span>
     <span class='ocr_line' id='line_1_6' title="bbox 215 783 2518 862; baseline -0.005 -19"><span class='ocrx_word' id='word_1_48' title='bbox 215 795 364 861; x_wconf 90' lang='lat' dir='ltr'>quod</span> <span class='ocrx_word' id='word_1_49' title='bbox 403 795 466 844; x_wconf 89' lang='lat' dir='ltr'>ab</span> <span class='ocrx_word' id='word_1_50' title='bbox 499 783 621 844; x_wconf 84' lang='lat' dir='ltr'>‘Elia</span> <span class='ocrx_word' id='word_1_51' title='bbox 661 794 947 860; x_wconf 89' lang='lat' dir='ltr'>patriarcha</span> <span class='ocrx_word' id='word_1_52' title='bbox 1000 796 1299 861; x_wconf 89' lang='lat' dir='ltr'>supradicto</span> <span class='ocrx_word' id='word_1_53' title='bbox 1359 811 1526 862; x_wconf 88' lang='lat' dir='ltr'>usque</span> <span class='ocrx_word' id='word_1_54' title='bbox 1578 793 1643 842; x_wconf 90' lang='lat' dir='ltr'>ad</span> <span class='ocrx_word' id='word_1_55' title='bbox 1697 791 1838 840; x_wconf 89' lang='lat' dir='ltr'>hunc</span> <span class='ocrx_word' id='word_1_56' title='bbox 1892 787 2150 839; x_wconf 91' lang='lat' dir='ltr'>Calistum</span> <span class='ocrx_word' id='word_1_57' title='bbox 2200 784 2518 852; x_wconf 90' lang='lat' dir='ltr'>patriarchae</span> 
     </span>
     <span class='ocr_line' id='line_1_7' title="bbox 217 874 2520 948; baseline -0.004 -17"><span class='ocrx_word' id='word_1_58' title='bbox 217 881 519 932; x_wconf 88' lang='lat' dir='ltr'>habitabant</span> <span class='ocrx_word' id='word_1_59' title='bbox 558 885 610 931; x_wconf 90' lang='lat' dir='ltr'>in</span> <span class='ocrx_word' id='word_1_60' title='bbox 652 881 958 935; x_wconf 88' lang='lat' dir='ltr'>Cormono:</span> <span class='ocrx_word' id='word_1_61' title='bbox 1001 895 1050 934; x_wconf 94' lang='lat' dir='ltr'>et</span> <span class='ocrx_word' id='word_1_62' title='bbox 1092 887 1143 932; x_wconf 91' lang='lat' dir='ltr'>in</span> <span class='ocrx_word' id='word_1_63' title='bbox 1185 882 1406 933; x_wconf 87' lang='lat' dir='ltr'>Civitate</span> <span class='ocrx_word' id='word_1_64' title='bbox 1445 885 1672 941; x_wconf 88' lang='lat' dir='ltr'>Austria‚</span> <span class='ocrx_word' id='word_1_65' title='bbox 1725 895 1859 948; x_wconf 90' lang='lat' dir='ltr'>quae</span> <span class='ocrx_word' id='word_1_66' title='bbox 1901 889 2025 927; x_wconf 90' lang='lat' dir='ltr'>tunc</span> <span class='ocrx_word' id='word_1_67' title='bbox 2065 886 2123 925; x_wconf 91' lang='lat' dir='ltr'>ut</span> <span class='ocrx_word' id='word_1_68' title='bbox 2162 874 2520 940; x_wconf 90' lang='lat' dir='ltr'>supradictum</span> 
     </span>
     <span class='ocr_line' id='line_1_8' title="bbox 217 963 2524 1039; baseline -0.004 -19"><span class='ocrx_word' id='word_1_69' title='bbox 217 982 294 1021; x_wconf 93' lang='lat' dir='ltr'>est</span> <span class='ocrx_word' id='word_1_70' title='bbox 335 969 580 1022; x_wconf 88' lang='lat' dir='ltr'>Castrum</span> <span class='ocrx_word' id='word_1_71' title='bbox 622 970 984 1038; x_wconf 87' lang='lat' dir='ltr'>Forojuliense</span> <span class='ocrx_word' id='word_1_72' title='bbox 1026 973 1402 1039; x_wconf 86' lang='lat' dir='ltr'>appellabatur,</span> <span class='ocrx_word' id='word_1_73' title='bbox 1444 972 1602 1021; x_wconf 91' lang='lat' dir='ltr'>duces</span> <span class='ocrx_word' id='word_1_74' title='bbox 1643 970 1738 1019; x_wconf 91' lang='lat' dir='ltr'>sibi</span> <span class='ocrx_word' id='word_1_75' title='bbox 1795 970 2107 1034; x_wconf 90' lang='lat' dir='ltr'>episcopum</span> <span class='ocrx_word' id='word_1_76' title='bbox 2160 963 2420 1029; x_wconf 83' lang='lat' dir='ltr'>fecerunt3</span> <span class='ocrx_word' id='word_1_77' title='bbox 2475 972 2524 1011; x_wconf 93' lang='lat' dir='ltr'>et</span> 
     </span>
     <span class='ocr_line' id='line_1_9' title="bbox 221 1053 2523 1127; baseline -0.003 -18"><span class='ocrx_word' id='word_1_78' title='bbox 221 1072 327 1110; x_wconf 89' lang='lat' dir='ltr'>erat</span> <span class='ocrx_word' id='word_1_79' title='bbox 365 1071 490 1110; x_wconf 92' lang='lat' dir='ltr'>tunc</span> <span class='ocrx_word' id='word_1_80' title='bbox 529 1063 784 1127; x_wconf 86' lang='lat' dir='ltr'>temporis</span> <span class='ocrx_word' id='word_1_81' title='bbox 826 1060 1094 1110; x_wconf 89' lang='lat' dir='ltr'>Fidentius</span> <span class='ocrx_word' id='word_1_82' title='bbox 1149 1063 1447 1127; x_wconf 90' lang='lat' dir='ltr'>episcopus,</span> <span class='ocrx_word' id='word_1_83' title='bbox 1501 1076 1610 1127; x_wconf 91' lang='lat' dir='ltr'>quo</span> <span class='ocrx_word' id='word_1_84' title='bbox 1666 1058 1952 1108; x_wconf 88' lang='lat' dir='ltr'>decedente</span> <span class='ocrx_word' id='word_1_85' title='bbox 1991 1058 2213 1103; x_wconf 88' lang='lat' dir='ltr'>Amator</span> <span class='ocrx_word' id='word_1_86' title='bbox 2263 1053 2523 1102; x_wconf 89' lang='lat' dir='ltr'>successit.</span> 
     </span>
     <span class='ocr_line' id='line_1_10' title="bbox 219 1140 2525 1217; baseline -0.004 -19"><span class='ocrx_word' id='word_1_87' title='bbox 219 1148 386 1209; x_wconf 92' lang='lat' dir='ltr'>Quod</span> <span class='ocrx_word' id='word_1_88' title='bbox 425 1149 699 1198; x_wconf 88' lang='lat' dir='ltr'>advertens</span> <span class='ocrx_word' id='word_1_89' title='bbox 740 1147 966 1200; x_wconf 89' lang='lat' dir='ltr'>Calistus</span> <span class='ocrx_word' id='word_1_90' title='bbox 1007 1149 1311 1216; x_wconf 89' lang='lat' dir='ltr'>patriarcha,</span> <span class='ocrx_word' id='word_1_91' title='bbox 1356 1151 1446 1217; x_wconf 91' lang='lat' dir='ltr'>qui</span> <span class='ocrx_word' id='word_1_92' title='bbox 1489 1159 1595 1198; x_wconf 89' lang='lat' dir='ltr'>erat</span> <span class='ocrx_word' id='word_1_93' title='bbox 1649 1148 1839 1197; x_wconf 90' lang='lat' dir='ltr'>nobilis</span> <span class='ocrx_word' id='word_1_94' title='bbox 1880 1155 1930 1195; x_wconf 93' lang='lat' dir='ltr'>et</span> <span class='ocrx_word' id='word_1_95' title='bbox 1969 1145 2205 1210; x_wconf 88' lang='lat' dir='ltr'>egregius</span> <span class='ocrx_word' id='word_1_96' title='bbox 2244 1143 2336 1199; x_wconf 78' lang='lat' dir='ltr'>vir,</span> <span class='ocrx_word' id='word_1_97' title='bbox 2379 1140 2525 1208; x_wconf 90' lang='lat' dir='ltr'>quod</span> 
     </span>
     <span class='ocr_line' id='line_1_11' title="bbox 219 1230 2524 1305; baseline -0.004 -19"><span class='ocrx_word' id='word_1_98' title='bbox 219 1240 500 1305; x_wconf 90' lang='lat' dir='ltr'>episcopus</span> <span class='ocrx_word' id='word_1_99' title='bbox 541 1238 795 1288; x_wconf 86' lang='lat' dir='ltr'>habitaret</span> <span class='ocrx_word' id='word_1_100' title='bbox 837 1241 888 1287; x_wconf 91' lang='lat' dir='ltr'>in</span> <span class='ocrx_word' id='word_1_101' title='bbox 929 1255 1023 1288; x_wconf 91' lang='lat' dir='ltr'>sua</span> <span class='ocrx_word' id='word_1_102' title='bbox 1064 1240 1260 1289; x_wconf 91' lang='lat' dir='ltr'>diocesi</span> <span class='ocrx_word' id='word_1_103' title='bbox 1301 1255 1422 1288; x_wconf 89' lang='lat' dir='ltr'>cum</span> <span class='ocrx_word' id='word_1_104' title='bbox 1465 1238 1687 1287; x_wconf 91' lang='lat' dir='ltr'>ducibus</span> <span class='ocrx_word' id='word_1_105' title='bbox 1729 1246 1779 1285; x_wconf 94' lang='lat' dir='ltr'>et</span> <span class='ocrx_word' id='word_1_106' title='bbox 1818 1234 2100 1297; x_wconf 80' lang='lat' dir='ltr'>nobilibuS‚</span> <span class='ocrx_word' id='word_1_107' title='bbox 2142 1242 2192 1280; x_wconf 90' lang='lat' dir='ltr'>et</span> <span class='ocrx_word' id='word_1_108' title='bbox 2231 1233 2340 1296; x_wconf 92' lang='lat' dir='ltr'>ipse</span> <span class='ocrx_word' id='word_1_109' title='bbox 2370 1230 2524 1295; x_wconf 90' lang='lat' dir='ltr'>patri-</span> 
     </span>
     <span class='ocr_line' id='line_1_12' title="bbox 218 1321 2518 1394; baseline -0.004 -19"><span class='ocrx_word' id='word_1_110' title='bbox 218 1325 369 1376; x_wconf 88' lang='lat' dir='ltr'>archa</span> <span class='ocrx_word' id='word_1_111' title='bbox 409 1330 637 1376; x_wconf 88' lang='lat' dir='ltr'>sociatus</span> <span class='ocrx_word' id='word_1_112' title='bbox 676 1329 834 1394; x_wconf 75' lang='lat' dir='ltr'>vulgo</span> <span class='ocrx_word' id='word_1_113' title='bbox 877 1330 1031 1376; x_wconf 91' lang='lat' dir='ltr'>rurali</span> <span class='ocrx_word' id='word_1_114' title='bbox 1071 1330 1232 1377; x_wconf 87' lang='lat' dir='ltr'>vitam</span> <span class='ocrx_word' id='word_1_115' title='bbox 1272 1327 1503 1388; x_wconf 89' lang='lat' dir='ltr'>duceret,</span> <span class='ocrx_word' id='word_1_116' title='bbox 1545 1327 1808 1392; x_wconf 89' lang='lat' dir='ltr'>displicuit</span> <span class='ocrx_word' id='word_1_117' title='bbox 1846 1324 1941 1373; x_wconf 88' lang='lat' dir='ltr'>sibi</span> <span class='ocrx_word' id='word_1_118' title='bbox 1982 1332 2032 1371; x_wconf 92' lang='lat' dir='ltr'>et</span> <span class='ocrx_word' id='word_1_119' title='bbox 2071 1321 2267 1370; x_wconf 89' lang='lat' dir='ltr'>dictum</span> <span class='ocrx_word' id='word_1_120' title='bbox 2293 1321 2518 1367; x_wconf 87' lang='lat' dir='ltr'>Amato-</span> 
     </span>
     <span class='ocr_line' id='line_1_13' title="bbox 219 1408 2525 1483; baseline -0.002 -20"><span class='ocrx_word' id='word_1_121' title='bbox 219 1429 330 1464; x_wconf 91' lang='lat' dir='ltr'>rem</span> <span class='ocrx_word' id='word_1_122' title='bbox 370 1418 433 1466; x_wconf 95' lang='lat' dir='ltr'>de</span> <span class='ocrx_word' id='word_1_123' title='bbox 474 1414 695 1466; x_wconf 88' lang='lat' dir='ltr'>Civitate</span> <span class='ocrx_word' id='word_1_124' title='bbox 735 1419 975 1466; x_wconf 88' lang='lat' dir='ltr'>Austriae</span> <span class='ocrx_word' id='word_1_125' title='bbox 1017 1418 1213 1483; x_wconf 82' lang='lat' dir='ltr'>expulit</span> <span class='ocrx_word' id='word_1_126' title='bbox 1253 1427 1303 1465; x_wconf 92' lang='lat' dir='ltr'>et</span> <span class='ocrx_word' id='word_1_127' title='bbox 1342 1418 1394 1464; x_wconf 90' lang='lat' dir='ltr'>in</span> <span class='ocrx_word' id='word_1_128' title='bbox 1436 1416 1619 1465; x_wconf 87' lang='lat' dir='ltr'>eadem</span> <span class='ocrx_word' id='word_1_129' title='bbox 1647 1415 1742 1463; x_wconf 92' lang='lat' dir='ltr'>sibi</span> <span class='ocrx_word' id='word_1_130' title='bbox 1771 1429 1919 1464; x_wconf 89' lang='lat' dir='ltr'>suam</span> <span class='ocrx_word' id='word_1_131' title='bbox 1947 1411 2325 1460; x_wconf 89' lang='lat' dir='ltr'>habitationem</span> <span class='ocrx_word' id='word_1_132' title='bbox 2355 1408 2525 1473; x_wconf 89' lang='lat' dir='ltr'>elegit.</span> 
     </span>
     <span class='ocr_line' id='line_1_14' title="bbox 219 1495 2525 1571; baseline -0.004 -17"><span class='ocrx_word' id='word_1_133' title='bbox 219 1503 342 1564; x_wconf 88' lang='lat' dir='ltr'>Qua</span> <span class='ocrx_word' id='word_1_134' title='bbox 382 1506 445 1554; x_wconf 92' lang='lat' dir='ltr'>de</span> <span class='ocrx_word' id='word_1_135' title='bbox 486 1521 640 1555; x_wconf 89' lang='lat' dir='ltr'>causa</span> <span class='ocrx_word' id='word_1_136' title='bbox 680 1504 843 1554; x_wconf 91' lang='lat' dir='ltr'>Pemo</span> <span class='ocrx_word' id='word_1_137' title='bbox 885 1507 991 1555; x_wconf 84' lang='lat' dir='ltr'>dux</span> <span class='ocrx_word' id='word_1_138' title='bbox 1033 1505 1411 1571; x_wconf 88' lang='lat' dir='ltr'>Forojuliensis</span> <span class='ocrx_word' id='word_1_139' title='bbox 1452 1514 1631 1554; x_wconf 91' lang='lat' dir='ltr'>contra</span> <span class='ocrx_word' id='word_1_140' title='bbox 1672 1502 1928 1553; x_wconf 88' lang='lat' dir='ltr'>Calistum</span> <span class='ocrx_word' id='word_1_141' title='bbox 1978 1498 2262 1549; x_wconf 90' lang='lat' dir='ltr'>discordias</span> <span class='ocrx_word' id='word_1_142' title='bbox 2316 1495 2525 1546; x_wconf 88' lang='lat' dir='ltr'>habuit:</span> 
     </span>
     <span class='ocr_line' id='line_1_15' title="bbox 221 1586 2527 1660; baseline -0.004 -17"><span class='ocrx_word' id='word_1_143' title='bbox 221 1604 272 1643; x_wconf 92' lang='lat' dir='ltr'>et</span> <span class='ocrx_word' id='word_1_144' title='bbox 310 1596 439 1644; x_wconf 90' lang='lat' dir='ltr'>inito</span> <span class='ocrx_word' id='word_1_145' title='bbox 482 1595 702 1643; x_wconf 89' lang='lat' dir='ltr'>consilio</span> <span class='ocrx_word' id='word_1_146' title='bbox 746 1610 867 1643; x_wconf 91' lang='lat' dir='ltr'>cum</span> <span class='ocrx_word' id='word_1_147' title='bbox 909 1596 1087 1644; x_wconf 89' lang='lat' dir='ltr'>multis</span> <span class='ocrx_word' id='word_1_148' title='bbox 1127 1594 1395 1643; x_wconf 90' lang='lat' dir='ltr'>nobilibus</span> <span class='ocrx_word' id='word_1_149' title='bbox 1433 1592 1812 1660; x_wconf 91' lang='lat' dir='ltr'>Longobardis,</span> <span class='ocrx_word' id='word_1_150' title='bbox 1855 1593 2030 1657; x_wconf 91' lang='lat' dir='ltr'>ipsum</span> <span class='ocrx_word' id='word_1_151' title='bbox 2060 1586 2319 1638; x_wconf 89' lang='lat' dir='ltr'>Calistum</span> <span class='ocrx_word' id='word_1_152' title='bbox 2348 1600 2527 1651; x_wconf 89' lang='lat' dir='ltr'>appre-</span> 
     </span>
     <span class='ocr_line' id='line_1_16' title="bbox 220 1678 2529 1751; baseline -0.004 -19"><span class='ocrx_word' id='word_1_153' title='bbox 220 1683 428 1751; x_wconf 82' lang='lat' dir='ltr'>hendit3</span> <span class='ocrx_word' id='word_1_154' title='bbox 471 1693 521 1732; x_wconf 93' lang='lat' dir='ltr'>et</span> <span class='ocrx_word' id='word_1_155' title='bbox 561 1699 683 1732; x_wconf 92' lang='lat' dir='ltr'>eum</span> <span class='ocrx_word' id='word_1_156' title='bbox 725 1683 921 1732; x_wconf 90' lang='lat' dir='ltr'>ducens</span> <span class='ocrx_word' id='word_1_157' title='bbox 962 1684 1027 1732; x_wconf 92' lang='lat' dir='ltr'>ad</span> <span class='ocrx_word' id='word_1_158' title='bbox 1068 1683 1339 1751; x_wconf 90' lang='lat' dir='ltr'>quoddam</span> <span class='ocrx_word' id='word_1_159' title='bbox 1386 1692 1610 1732; x_wconf 89' lang='lat' dir='ltr'>castrum</span> <span class='ocrx_word' id='word_1_160' title='bbox 1652 1680 1794 1747; x_wconf 85' lang='lat' dir='ltr'>juxta</span> <span class='ocrx_word' id='word_1_161' title='bbox 1819 1695 1959 1729; x_wconf 88' lang='lat' dir='ltr'>mare</span> <span class='ocrx_word' id='word_1_162' title='bbox 1987 1680 2159 1744; x_wconf 88' lang='lat' dir='ltr'>ipsum</span> <span class='ocrx_word' id='word_1_163' title='bbox 2195 1678 2529 1741; x_wconf 90' lang='lat' dir='ltr'>submergere</span> 
     </span>
     <span class='ocr_line' id='line_1_17' title="bbox 221 1765 2530 1838; baseline -0.004 -17"><span class='ocrx_word' id='word_1_164' title='bbox 221 1773 404 1824; x_wconf 84' lang='lat' dir='ltr'>voluit.</span> <span class='ocrx_word' id='word_1_165' title='bbox 447 1771 549 1822; x_wconf 91' lang='lat' dir='ltr'>Sed</span> <span class='ocrx_word' id='word_1_166' title='bbox 593 1771 806 1837; x_wconf 89' lang='lat' dir='ltr'>jubente</span> <span class='ocrx_word' id='word_1_167' title='bbox 846 1771 959 1821; x_wconf 89' lang='lat' dir='ltr'>Deo</span> <span class='ocrx_word' id='word_1_168' title='bbox 1003 1789 1111 1822; x_wconf 85' lang='lat' dir='ltr'>non</span> <span class='ocrx_word' id='word_1_169' title='bbox 1153 1771 1289 1836; x_wconf 81' lang='lat' dir='ltr'>fecit,</span> <span class='ocrx_word' id='word_1_170' title='bbox 1328 1772 1418 1821; x_wconf 93' lang='lat' dir='ltr'>sed</span> <span class='ocrx_word' id='word_1_171' title='bbox 1460 1773 1635 1838; x_wconf 89' lang='lat' dir='ltr'>ipsum</span> <span class='ocrx_word' id='word_1_172' title='bbox 1677 1773 1728 1818; x_wconf 91' lang='lat' dir='ltr'>in</span> <span class='ocrx_word' id='word_1_173' title='bbox 1770 1784 2025 1820; x_wconf 92' lang='lat' dir='ltr'>carcerem</span> <span class='ocrx_word' id='word_1_174' title='bbox 2067 1767 2251 1816; x_wconf 91' lang='lat' dir='ltr'>diebus</span> <span class='ocrx_word' id='word_1_175' title='bbox 2291 1765 2530 1831; x_wconf 89' lang='lat' dir='ltr'>pluribus</span> 
     </span>
     <span class='ocr_line' id='line_1_18' title="bbox 224 1854 2529 1928; baseline -0.003 -18"><span class='ocrx_word' id='word_1_176' title='bbox 224 1878 358 1928; x_wconf 89' lang='lat' dir='ltr'>pane</span> <span class='ocrx_word' id='word_1_177' title='bbox 417 1862 771 1911; x_wconf 89' lang='lat' dir='ltr'>tribulationis</span> <span class='ocrx_word' id='word_1_178' title='bbox 829 1862 1187 1913; x_wconf 87' lang='lat' dir='ltr'>substentavit.</span> <span class='ocrx_word' id='word_1_179' title='bbox 1265 1859 1429 1921; x_wconf 91' lang='lat' dir='ltr'>Quod</span> <span class='ocrx_word' id='word_1_180' title='bbox 1494 1876 1580 1910; x_wconf 84' lang='lat' dir='ltr'>rex</span> <span class='ocrx_word' id='word_1_181' title='bbox 1637 1859 1993 1925; x_wconf 91' lang='lat' dir='ltr'>Luitprandus</span> <span class='ocrx_word' id='word_1_182' title='bbox 2051 1854 2529 1922; x_wconf 90' lang='lat' dir='ltr'>Longobardorum</span> 
     </span>
     <span class='ocr_line' id='line_1_19' title="bbox 219 1941 2532 2018; baseline -0.004 -18"><span class='ocrx_word' id='word_1_183' title='bbox 219 1951 455 2015; x_wconf 86' lang='lat' dir='ltr'>audiens,</span> <span class='ocrx_word' id='word_1_184' title='bbox 497 1961 650 2018; x_wconf 91' lang='lat' dir='ltr'>capto</span> <span class='ocrx_word' id='word_1_185' title='bbox 691 1949 925 2000; x_wconf 91' lang='lat' dir='ltr'>Pemone</span> <span class='ocrx_word' id='word_1_186' title='bbox 967 1961 1017 2000; x_wconf 95' lang='lat' dir='ltr'>et</span> <span class='ocrx_word' id='word_1_187' title='bbox 1056 1950 1167 2000; x_wconf 90' lang='lat' dir='ltr'>aliis</span> <span class='ocrx_word' id='word_1_188' title='bbox 1208 1952 1541 2012; x_wconf 76' lang='lat' dir='ltr'>nominatim,</span> <span class='ocrx_word' id='word_1_189' title='bbox 1583 1952 1674 2018; x_wconf 91' lang='lat' dir='ltr'>qui</span> <span class='ocrx_word' id='word_1_190' title='bbox 1714 1949 1810 1997; x_wconf 91' lang='lat' dir='ltr'>sibi</span> <span class='ocrx_word' id='word_1_191' title='bbox 1853 1946 2206 2013; x_wconf 74' lang='lat' dir='ltr'>adhaeserant,</span> <span class='ocrx_word' id='word_1_192' title='bbox 2231 1946 2406 2011; x_wconf 91' lang='lat' dir='ltr'>ipsum</span> <span class='ocrx_word' id='word_1_193' title='bbox 2434 1941 2532 1991; x_wconf 90' lang='lat' dir='ltr'>Pe-</span> 
     </span>
     <span class='ocr_line' id='line_1_20' title="bbox 222 2037 2229 2106; baseline -0.001 -17"><span class='ocrx_word' id='word_1_194' title='bbox 222 2056 439 2089; x_wconf 90' lang='lat' dir='ltr'>monem</span> <span class='ocrx_word' id='word_1_195' title='bbox 482 2040 734 2106; x_wconf 90' lang='lat' dir='ltr'>deposuit</span> <span class='ocrx_word' id='word_1_196' title='bbox 773 2051 823 2089; x_wconf 94' lang='lat' dir='ltr'>et</span> <span class='ocrx_word' id='word_1_197' title='bbox 861 2041 991 2089; x_wconf 89' lang='lat' dir='ltr'>alios</span> <span class='ocrx_word' id='word_1_198' title='bbox 1031 2042 1083 2088; x_wconf 90' lang='lat' dir='ltr'>in</span> <span class='ocrx_word' id='word_1_199' title='bbox 1126 2039 1415 2090; x_wconf 90' lang='lat' dir='ltr'>carceribus</span> <span class='ocrx_word' id='word_1_200' title='bbox 1455 2040 1616 2106; x_wconf 89' lang='lat' dir='ltr'>longo</span> <span class='ocrx_word' id='word_1_201' title='bbox 1658 2049 1897 2104; x_wconf 90' lang='lat' dir='ltr'>tempore</span> <span class='ocrx_word' id='word_1_202' title='bbox 1938 2037 2229 2086; x_wconf 83' lang='lat' dir='ltr'>cruciavit.“</span> 
     </span>
    </p>
   </div>
   <div class='ocr_carea' id='block_1_3' title="bbox 222 2135 2538 3192">
    <p class='ocr_par' dir='ltr' id='par_1_4' title="bbox 222 2135 2538 3192">
     <span class='ocr_line' id='line_1_21' title="bbox 399 2135 2519 2212; baseline -0.004 -17"><span class='ocrx_word' id='word_1_203' title='bbox 399 2143 657 2195; x_wconf 86' lang='lat' dir='ltr'>Danduli</span> <span class='ocrx_word' id='word_1_204' title='bbox 699 2143 1058 2207; x_wconf 89' lang='lat' dir='ltr'>Chronicon,</span> <span class='ocrx_word' id='word_1_205' title='bbox 1101 2144 1188 2196; x_wconf 89' lang='lat' dir='ltr'>lib.</span> <span class='ocrx_word' id='word_1_206' title='bbox 1215 2143 1324 2212; x_wconf 85' lang='lat' dir='ltr'>Vll,</span> <span class='ocrx_word' id='word_1_207' title='bbox 1364 2160 1404 2195; x_wconf 90' lang='lat' dir='ltr'>c.</span> <span class='ocrx_word' id='word_1_208' title='bbox 1432 2164 1482 2206; x_wconf 90' lang='lat'>4,</span> <span class='ocrx_word' id='word_1_209' title='bbox 1525 2159 1642 2209; x_wconf 91' lang='lat' dir='ltr'>pars</span> <span class='ocrx_word' id='word_1_210' title='bbox 1691 2159 1707 2192; x_wconf 88' lang='lat'>1</span> <span class='ocrx_word' id='word_1_211' title='bbox 1756 2141 2047 2209; x_wconf 91' lang='lat' dir='ltr'>(Muratori,</span> <span class='ocrx_word' id='word_1_212' title='bbox 2089 2138 2272 2204; x_wconf 91' lang='lat' dir='ltr'>Script.</span> <span class='ocrx_word' id='word_1_213' title='bbox 2299 2152 2392 2189; x_wconf 89' lang='lat' dir='ltr'>rer.</span> <span class='ocrx_word' id='word_1_214' title='bbox 2414 2135 2519 2187; x_wconf 87' lang='lat' dir='ltr'>Ital.</span> 
     </span>
     <span class='ocr_line' id='line_1_22' title="bbox 222 2225 2534 2302; baseline -0.004 -19"><span class='ocrx_word' id='word_1_215' title='bbox 222 2231 333 2294; x_wconf 92' lang='lat' dir='ltr'><strong>XII,</strong></span> <span class='ocrx_word' id='word_1_216' title='bbox 384 2232 528 2300; x_wconf 84' lang='lat'>137):</span> <span class='ocrx_word' id='word_1_217' title='bbox 572 2231 790 2302; x_wconf 88' lang='lat' dir='ltr'>„Gravis</span> <span class='ocrx_word' id='word_1_218' title='bbox 830 2249 953 2282; x_wconf 91' lang='lat' dir='ltr'>sane</span> <span class='ocrx_word' id='word_1_219' title='bbox 994 2249 1086 2300; x_wconf 92' lang='lat' dir='ltr'>per</span> <span class='ocrx_word' id='word_1_220' title='bbox 1126 2233 1264 2282; x_wconf 89' lang='lat' dir='ltr'>idem</span> <span class='ocrx_word' id='word_1_221' title='bbox 1305 2243 1515 2300; x_wconf 92' lang='lat' dir='ltr'>tempus</span> <span class='ocrx_word' id='word_1_222' title='bbox 1557 2234 1688 2282; x_wconf 90' lang='lat' dir='ltr'>inter</span> <span class='ocrx_word' id='word_1_223' title='bbox 1726 2230 1997 2281; x_wconf 90' lang='lat' dir='ltr'>Penonem</span> <span class='ocrx_word' id='word_1_224' title='bbox 2039 2229 2228 2279; x_wconf 88' lang='lat' dir='ltr'>ducem</span> <span class='ocrx_word' id='word_1_225' title='bbox 2278 2225 2534 2291; x_wconf 88' lang='lat' dir='ltr'>Forojulii</span> 
     </span>
     <span class='ocr_line' id='line_1_23' title="bbox 225 2316 2530 2390; baseline -0.003 -19"><span class='ocrx_word' id='word_1_226' title='bbox 225 2333 275 2372; x_wconf 90' lang='lat' dir='ltr'>et</span> <span class='ocrx_word' id='word_1_227' title='bbox 314 2320 591 2372; x_wconf 90' lang='lat' dir='ltr'>Callistum</span> <span class='ocrx_word' id='word_1_228' title='bbox 635 2322 980 2389; x_wconf 91' lang='lat' dir='ltr'>patriarcham</span> <span class='ocrx_word' id='word_1_229' title='bbox 1022 2323 1312 2372; x_wconf 90' lang='lat' dir='ltr'>discordiae</span> <span class='ocrx_word' id='word_1_230' title='bbox 1353 2325 1457 2371; x_wconf 88' lang='lat' dir='ltr'>rixa</span> <span class='ocrx_word' id='word_1_231' title='bbox 1483 2324 1715 2380; x_wconf 87' lang='lat' dir='ltr'>surrexit,</span> <span class='ocrx_word' id='word_1_232' title='bbox 1745 2323 1867 2390; x_wconf 90' lang='lat' dir='ltr'>quia</span> <span class='ocrx_word' id='word_1_233' title='bbox 1893 2318 2138 2370; x_wconf 89' lang='lat' dir='ltr'>Callistus</span> <span class='ocrx_word' id='word_1_234' title='bbox 2172 2320 2223 2366; x_wconf 90' lang='lat' dir='ltr'>in</span> <span class='ocrx_word' id='word_1_235' title='bbox 2253 2316 2530 2383; x_wconf 88' lang='lat' dir='ltr'>Aquilegia</span> 
     </span>
     <span class='ocr_line' id='line_1_24' title="bbox 225 2405 2535 2479; baseline -0.003 -19"><span class='ocrx_word' id='word_1_236' title='bbox 225 2422 440 2477; x_wconf 90' lang='lat' dir='ltr'>propter</span> <span class='ocrx_word' id='word_1_237' title='bbox 498 2411 865 2461; x_wconf 90' lang='lat' dir='ltr'>Romanorum</span> <span class='ocrx_word' id='word_1_238' title='bbox 921 2413 1246 2461; x_wconf 91' lang='lat' dir='ltr'>incursiones</span> <span class='ocrx_word' id='word_1_239' title='bbox 1302 2413 1556 2479; x_wconf 90' lang='lat' dir='ltr'>nequiens</span> <span class='ocrx_word' id='word_1_240' title='bbox 1610 2409 1856 2478; x_wconf 88' lang='lat' dir='ltr'>habitare,</span> <span class='ocrx_word' id='word_1_241' title='bbox 1913 2411 1966 2458; x_wconf 92' lang='lat' dir='ltr'>in</span> <span class='ocrx_word' id='word_1_242' title='bbox 2026 2406 2302 2458; x_wconf 88' lang='lat' dir='ltr'>Cormono</span> <span class='ocrx_word' id='word_1_243' title='bbox 2356 2405 2535 2454; x_wconf 89' lang='lat' dir='ltr'>sedem</span> 
     </span>
     <span class='ocr_line' id='line_1_25' title="bbox 226 2495 2535 2567; baseline -0.003 -18"><span class='ocrx_word' id='word_1_244' title='bbox 226 2516 377 2549; x_wconf 88' lang='lat' dir='ltr'>suam</span> <span class='ocrx_word' id='word_1_245' title='bbox 417 2502 650 2560; x_wconf 90' lang='lat' dir='ltr'>tenebat;</span> <span class='ocrx_word' id='word_1_246' title='bbox 694 2513 744 2551; x_wconf 92' lang='lat' dir='ltr'>et</span> <span class='ocrx_word' id='word_1_247' title='bbox 784 2511 963 2551; x_wconf 90' lang='lat' dir='ltr'>contra</span> <span class='ocrx_word' id='word_1_248' title='bbox 1002 2505 1312 2550; x_wconf 90' lang='lat' dir='ltr'>Amatorem</span> <span class='ocrx_word' id='word_1_249' title='bbox 1353 2503 1661 2567; x_wconf 91' lang='lat' dir='ltr'>episcopum</span> <span class='ocrx_word' id='word_1_250' title='bbox 1702 2499 1923 2549; x_wconf 86' lang='lat' dir='ltr'>Fidentii</span> <span class='ocrx_word' id='word_1_251' title='bbox 1953 2511 2324 2562; x_wconf 82' lang='lat' dir='ltr'>successorem,</span> <span class='ocrx_word' id='word_1_252' title='bbox 2364 2495 2535 2561; x_wconf 90' lang='lat' dir='ltr'>quiin</span> 
     </span>
     <span class='ocr_line' id='line_1_26' title="bbox 225 2588 2538 2665; baseline 0 -27"><span class='ocrx_word' id='word_1_253' title='bbox 225 2601 392 2641; x_wconf 90' lang='lat' dir='ltr'>castro</span> <span class='ocrx_word' id='word_1_254' title='bbox 434 2590 690 2656; x_wconf 88' lang='lat' dir='ltr'>Forojulii</span> <span class='ocrx_word' id='word_1_255' title='bbox 733 2592 985 2640; x_wconf 89' lang='lat' dir='ltr'>dioecesis</span> <span class='ocrx_word' id='word_1_256' title='bbox 1026 2592 1411 2659; x_wconf 89' lang='lat' dir='ltr'>Aquilcgiensis</span> <span class='ocrx_word' id='word_1_257' title='bbox 1453 2607 1574 2640; x_wconf 90' lang='lat' dir='ltr'>cum</span> <span class='ocrx_word' id='word_1_258' title='bbox 1602 2591 1871 2640; x_wconf 78' lang='lat' dir='ltr'>voluntate</span> <span class='ocrx_word' id='word_1_259' title='bbox 1913 2591 2060 2640; x_wconf 92' lang='lat' dir='ltr'>ducis</span> <span class='ocrx_word' id='word_1_260' title='bbox 2094 2590 2273 2639; x_wconf 92' lang='lat' dir='ltr'>sedem</span> <span class='ocrx_word' id='word_1_261' title='bbox 2299 2588 2538 2665; x_wconf 70' lang='lat' dir='ltr'>habebat²</span> 
     </span>
     <span class='ocr_line' id='line_1_27' title="bbox 226 2679 2537 2747; baseline 0.004 -20"><span class='ocrx_word' id='word_1_262' title='bbox 226 2679 545 2746; x_wconf 79' lang='lat' dir='ltr'>indignatuS,</span> <span class='ocrx_word' id='word_1_263' title='bbox 591 2698 711 2730; x_wconf 91' lang='lat' dir='ltr'>eum</span> <span class='ocrx_word' id='word_1_264' title='bbox 755 2681 819 2730; x_wconf 91' lang='lat' dir='ltr'>de</span> <span class='ocrx_word' id='word_1_265' title='bbox 861 2680 1135 2747; x_wconf 80' lang='lat' dir='ltr'>Forojulio</span> <span class='ocrx_word' id='word_1_266' title='bbox 1191 2680 1401 2746; x_wconf 83' lang='lat' dir='ltr'>expulit,</span> <span class='ocrx_word' id='word_1_267' title='bbox 1443 2690 1493 2728; x_wconf 93' lang='lat' dir='ltr'>et</span> <span class='ocrx_word' id='word_1_268' title='bbox 1533 2682 1583 2728; x_wconf 91' lang='lat' dir='ltr'>in</span> <span class='ocrx_word' id='word_1_269' title='bbox 1627 2679 1738 2746; x_wconf 86' lang='lat' dir='ltr'>ejus</span> <span class='ocrx_word' id='word_1_270' title='bbox 1789 2680 1954 2730; x_wconf 91' lang='lat' dir='ltr'>domo</span> <span class='ocrx_word' id='word_1_271' title='bbox 2007 2682 2103 2730; x_wconf 88' lang='lat' dir='ltr'>sibi</span> <span class='ocrx_word' id='word_1_272' title='bbox 2157 2682 2537 2735; x_wconf 90' lang='lat' dir='ltr'>habitationem</span> 
     </span>
     <span class='ocr_line' id='line_1_28' title="bbox 226 2767 2537 2841; baseline 0.003 -24"><span class='ocrx_word' id='word_1_273' title='bbox 226 2767 358 2820; x_wconf 86' lang='lat' dir='ltr'>fecit.</span> <span class='ocrx_word' id='word_1_274' title='bbox 399 2767 579 2829; x_wconf 92' lang='lat' dir='ltr'>Quem</span> <span class='ocrx_word' id='word_1_275' title='bbox 621 2771 727 2819; x_wconf 85' lang='lat' dir='ltr'>dux</span> <span class='ocrx_word' id='word_1_276' title='bbox 765 2781 1041 2837; x_wconf 90' lang='lat' dir='ltr'>propterea</span> <span class='ocrx_word' id='word_1_277' title='bbox 1083 2771 1292 2834; x_wconf 89' lang='lat' dir='ltr'>capiens</span> <span class='ocrx_word' id='word_1_278' title='bbox 1333 2770 1398 2818; x_wconf 91' lang='lat' dir='ltr'>ad</span> <span class='ocrx_word' id='word_1_279' title='bbox 1439 2779 1663 2818; x_wconf 88' lang='lat' dir='ltr'>castrum</span> <span class='ocrx_word' id='word_1_280' title='bbox 1707 2767 1942 2828; x_wconf 91' lang='lat' dir='ltr'>Putium,</span> <span class='ocrx_word' id='word_1_281' title='bbox 1999 2771 2143 2838; x_wconf 91' lang='lat' dir='ltr'>quod</span> <span class='ocrx_word' id='word_1_282' title='bbox 2196 2790 2354 2841; x_wconf 92' lang='lat' dir='ltr'>supra</span> <span class='ocrx_word' id='word_1_283' title='bbox 2394 2790 2537 2824; x_wconf 91' lang='lat' dir='ltr'>mare</span> 
     </span>
     <span class='ocr_line' id='line_1_29' title="bbox 226 2857 2536 2925; baseline 0.003 -19"><span class='ocrx_word' id='word_1_284' title='bbox 226 2868 315 2916; x_wconf 91' lang='lat' dir='ltr'>est,</span> <span class='ocrx_word' id='word_1_285' title='bbox 360 2858 574 2909; x_wconf 88' lang='lat' dir='ltr'>adduxit</span> <span class='ocrx_word' id='word_1_286' title='bbox 614 2869 664 2908; x_wconf 94' lang='lat' dir='ltr'>et</span> <span class='ocrx_word' id='word_1_287' title='bbox 703 2861 754 2908; x_wconf 91' lang='lat' dir='ltr'>in</span> <span class='ocrx_word' id='word_1_288' title='bbox 798 2875 936 2908; x_wconf 90' lang='lat' dir='ltr'>mare</span> <span class='ocrx_word' id='word_1_289' title='bbox 964 2860 1300 2925; x_wconf 90' lang='lat' dir='ltr'>praecipitare</span> <span class='ocrx_word' id='word_1_290' title='bbox 1329 2858 1518 2918; x_wconf 86' lang='lat' dir='ltr'>voluit;</span> <span class='ocrx_word' id='word_1_291' title='bbox 1560 2858 1651 2908; x_wconf 89' lang='lat' dir='ltr'>sed</span> <span class='ocrx_word' id='word_1_292' title='bbox 1677 2868 1852 2908; x_wconf 90' lang='lat' dir='ltr'>tamen</span> <span class='ocrx_word' id='word_1_293' title='bbox 1881 2857 1992 2909; x_wconf 92' lang='lat' dir='ltr'>Deo</span> <span class='ocrx_word' id='word_1_294' title='bbox 2023 2859 2287 2912; x_wconf 88' lang='lat' dir='ltr'>inhibente</span> <span class='ocrx_word' id='word_1_295' title='bbox 2318 2866 2536 2914; x_wconf 91' lang='lat' dir='ltr'>minime</span> 
     </span>
     <span class='ocr_line' id='line_1_30' title="bbox 227 2944 2536 3014; baseline 0.003 -19"><span class='ocrx_word' id='word_1_296' title='bbox 227 2944 361 3000; x_wconf 84' lang='lat' dir='ltr'>fecit.</span> <span class='ocrx_word' id='word_1_297' title='bbox 401 2946 537 2997; x_wconf 91' lang='lat' dir='ltr'>Intra</span> <span class='ocrx_word' id='word_1_298' title='bbox 578 2964 833 2998; x_wconf 90' lang='lat' dir='ltr'>carcerem</span> <span class='ocrx_word' id='word_1_299' title='bbox 875 2958 1051 2997; x_wconf 89' lang='lat' dir='ltr'>tamen</span> <span class='ocrx_word' id='word_1_300' title='bbox 1093 2949 1365 2997; x_wconf 90' lang='lat' dir='ltr'>detentum</span> <span class='ocrx_word' id='word_1_301' title='bbox 1408 2963 1542 3014; x_wconf 91' lang='lat' dir='ltr'>pane</span> <span class='ocrx_word' id='word_1_302' title='bbox 1582 2947 1932 2997; x_wconf 90' lang='lat' dir='ltr'>tribulationis</span> <span class='ocrx_word' id='word_1_303' title='bbox 1971 2950 2329 3005; x_wconf 87' lang='lat' dir='ltr'>substentavit.</span> <span class='ocrx_word' id='word_1_304' title='bbox 2373 2952 2536 3013; x_wconf 92' lang='lat' dir='ltr'>Quod</span> 
     </span>
     <span class='ocr_line' id='line_1_31' title="bbox 226 3019 2504 3106; baseline 0.004 -22"><span class='ocrx_word' id='word_1_305' title='bbox 226 3019 582 3103; x_wconf 74' lang='lat' dir='ltr'>Luitprandus</span> <span class='ocrx_word' id='word_1_306' title='bbox 638 3038 872 3097; x_wconf 89' lang='lat' dir='ltr'>audiens,</span> <span class='ocrx_word' id='word_1_307' title='bbox 914 3038 1165 3087; x_wconf 90' lang='lat' dir='ltr'>ducatum</span> <span class='ocrx_word' id='word_1_308' title='bbox 1208 3036 1406 3086; x_wconf 89' lang='lat' dir='ltr'>Penoni</span> <span class='ocrx_word' id='word_1_309' title='bbox 1449 3036 1661 3086; x_wconf 88' lang='lat' dir='ltr'>abstulit</span> <span class='ocrx_word' id='word_1_310' title='bbox 1700 3047 1750 3086; x_wconf 90' lang='lat' dir='ltr'>et</span> <span class='ocrx_word' id='word_1_311' title='bbox 1788 3036 2004 3087; x_wconf 92' lang='lat' dir='ltr'>Ratchis</span> <span class='ocrx_word' id='word_1_312' title='bbox 2046 3038 2157 3106; x_wconf 84' lang='lat' dir='ltr'>ejus</span> <span class='ocrx_word' id='word_1_313' title='bbox 2196 3038 2367 3092; x_wconf 90' lang='lat' dir='ltr'>filium</span> <span class='ocrx_word' id='word_1_314' title='bbox 2408 3042 2504 3092; x_wconf 88' lang='lat' dir='ltr'>sub</span> 
     </span>
     <span class='ocr_line' id='line_1_32' title="bbox 225 3128 472 3192; baseline 0.016 -18"><span class='ocrx_word' id='word_1_315' title='bbox 225 3128 472 3192; x_wconf 80' lang='lat' dir='ltr'>rogavit.“</span> 
     </span>
    </p>
   </div>
   <div class='ocr_carea' id='block_1_4' title="bbox 407 3291 1551 3479">
    <p class='ocr_par' dir='ltr' id='par_1_5' title="bbox 407 3291 1551 3479">
     <span class='ocr_line' id='line_1_33' title="bbox 1225 3291 1551 3379; baseline -0.012 0"><span class='ocrx_word' id='word_1_316' title='bbox 1225 3291 1337 3379; x_wconf 72' lang='lat' dir='ltr'>St.</span> <span class='ocrx_word' id='word_1_317' title='bbox 1395 3309 1551 3378; x_wconf 87' lang='lat'>214.</span> 
     </span>
     <span class='ocr_line' id='line_1_34' title="bbox 407 3419 805 3479; baseline 0.005 -2"><span class='ocrx_word' id='word_1_318' title='bbox 407 3419 482 3478; x_wconf 83' lang='grc' dir='ltr'>Ρο</span> <span class='ocrx_word' id='word_1_319' title='bbox 523 3419 634 3478; x_wconf 76' lang='lat' dir='ltr'>latu</span> <span class='ocrx_word' id='word_1_320' title='bbox 677 3421 805 3479; x_wconf 81' lang='grc'><strong>737.</strong></span> 
     </span>
    </p>
   </div>
   <div class='ocr_carea' id='block_1_5' title="bbox 226 3523 2539 3950">
    <p class='ocr_par' dir='ltr' id='par_1_6' title="bbox 226 3523 2539 3950">
     <span class='ocr_line' id='line_1_35' title="bbox 404 3523 2534 3599; baseline 0.003 -21"><span class='ocrx_word' id='word_1_321' title='bbox 404 3523 490 3578; x_wconf 91' lang='lat' dir='ltr'>Ko</span> <span class='ocrx_word' id='word_1_322' title='bbox 524 3523 582 3591; x_wconf 86' lang='lat' dir='ltr'>je</span> <span class='ocrx_word' id='word_1_323' title='bbox 620 3525 867 3595; x_wconf 87' lang='lat' dir='ltr'>oglejski</span> <span class='ocrx_word' id='word_1_324' title='bbox 906 3525 1151 3594; x_wconf 87' lang='lat' dir='ltr'>patriarh</span> <span class='ocrx_word' id='word_1_325' title='bbox 1192 3525 1372 3579; x_wconf 88' lang='lat' dir='ltr'>Kalist</span> <span class='ocrx_word' id='word_1_326' title='bbox 1409 3526 1584 3594; x_wconf 69' lang='lat' dir='ltr'>prisel</span> <span class='ocrx_word' id='word_1_327' title='bbox 1624 3526 1675 3580; x_wconf 90' lang='lat' dir='ltr'>iz</span> <span class='ocrx_word' id='word_1_328' title='bbox 1709 3525 1851 3597; x_wconf 69' lang='lat' dir='ltr'>jeee,</span> <span class='ocrx_word' id='word_1_329' title='bbox 1889 3542 1925 3581; x_wconf 90' lang='lat' dir='ltr'>v</span> <span class='ocrx_word' id='word_1_330' title='bbox 1949 3528 2147 3584; x_wconf 89' lang='lat' dir='ltr'>katero</span> <span class='ocrx_word' id='word_1_331' title='bbox 2185 3545 2257 3599; x_wconf 85' lang='lat' dir='ltr'>ga</span> <span class='ocrx_word' id='word_1_332' title='bbox 2291 3529 2348 3598; x_wconf 85' lang='lat' dir='ltr'>je</span> <span class='ocrx_word' id='word_1_333' title='bbox 2375 3531 2534 3599; x_wconf 84' lang='lat' dir='ltr'>vrgel</span> 
     </span>
     <span class='ocr_line' id='line_1_36' title="bbox 229 3598 2537 3684; baseline 0.003 -20"><span class='ocrx_word' id='word_1_334' title='bbox 229 3611 471 3679; x_wconf 87' lang='lat' dir='ltr'>voivoda</span> <span class='ocrx_word' id='word_1_335' title='bbox 510 3611 777 3684; x_wconf 87' lang='lat' dir='ltr'>Pemon‚²)</span> <span class='ocrx_word' id='word_1_336' title='bbox 818 3630 879 3669; x_wconf 93' lang='lat' dir='ltr'>se</span> <span class='ocrx_word' id='word_1_337' title='bbox 914 3614 969 3682; x_wconf 89' lang='lat' dir='ltr'>je</span> <span class='ocrx_word' id='word_1_338' title='bbox 1007 3614 1232 3683; x_wconf 88' lang='lat' dir='ltr'>povrnil</span> <span class='ocrx_word' id='word_1_339' title='bbox 1260 3629 1295 3666; x_wconf 91' lang='lat' dir='ltr'><strong>v</strong></span> <span class='ocrx_word' id='word_1_340' title='bbox 1321 3598 1523 3684; x_wconf 75' lang='lat' dir='ltr'>Cedad‚</span> <span class='ocrx_word' id='word_1_341' title='bbox 1562 3612 1686 3681; x_wconf 88' lang='lat' dir='ltr'>kjer</span> <span class='ocrx_word' id='word_1_342' title='bbox 1708 3613 1763 3682; x_wconf 86' lang='lat' dir='ltr'>je</span> <span class='ocrx_word' id='word_1_343' title='bbox 1788 3616 1996 3680; x_wconf 82' lang='lat' dir='ltr'>sezidal</span> <span class='ocrx_word' id='word_1_344' title='bbox 2022 3617 2229 3672; x_wconf 86' lang='lat' dir='ltr'>oerkev</span> <span class='ocrx_word' id='word_1_345' title='bbox 2256 3634 2339 3674; x_wconf 90' lang='lat' dir='ltr'>sv.</span> <span class='ocrx_word' id='word_1_346' title='bbox 2365 3619 2537 3673; x_wconf 87' lang='lat' dir='ltr'>Ivana</span> 
     </span>
     <span class='ocr_line' id='line_1_37' title="bbox 230 3700 2539 3776; baseline 0.003 -22"><span class='ocrx_word' id='word_1_347' title='bbox 230 3700 289 3754; x_wconf 87' lang='lat' dir='ltr'>in</span> <span class='ocrx_word' id='word_1_348' title='bbox 327 3703 441 3755; x_wconf 89' lang='lat' dir='ltr'>tudi</span> <span class='ocrx_word' id='word_1_349' title='bbox 481 3704 602 3757; x_wconf 88' lang='lat' dir='ltr'>sebi</span> <span class='ocrx_word' id='word_1_350' title='bbox 642 3705 883 3772; x_wconf 87' lang='lat' dir='ltr'>postavil</span> <span class='ocrx_word' id='word_1_351' title='bbox 922 3703 1138 3773; x_wconf 67' lang='lat' dir='ltr'>palaoo.</span> <span class='ocrx_word' id='word_1_352' title='bbox 1177 3703 1373 3758; x_wconf 71' lang='lat' dir='ltr'>Uiival</span> <span class='ocrx_word' id='word_1_353' title='bbox 1396 3702 1452 3770; x_wconf 87' lang='lat' dir='ltr'>je</span> <span class='ocrx_word' id='word_1_354' title='bbox 1475 3703 1664 3757; x_wconf 88' lang='lat' dir='ltr'>milost</span> <span class='ocrx_word' id='word_1_355' title='bbox 1688 3704 1775 3772; x_wconf 87' lang='lat' dir='ltr'>pri</span> <span class='ocrx_word' id='word_1_356' title='bbox 1799 3703 2003 3773; x_wconf 89' lang='lat' dir='ltr'>kralju.</span> <span class='ocrx_word' id='word_1_357' title='bbox 2041 3706 2247 3776; x_wconf 86' lang='lat' dir='ltr'>Strogo</span> <span class='ocrx_word' id='word_1_358' title='bbox 2269 3707 2326 3775; x_wconf 85' lang='lat' dir='ltr'>je</span> <span class='ocrx_word' id='word_1_359' title='bbox 2352 3708 2539 3762; x_wconf 85' lang='lat' dir='ltr'>vladal</span> 
     </span>
     <span class='ocr_line' id='line_1_38' title="bbox 230 3790 2538 3868; baseline 0.003 -25"><span class='ocrx_word' id='word_1_360' title='bbox 230 3790 393 3857; x_wconf 84' lang='lat' dir='ltr'>svojo</span> <span class='ocrx_word' id='word_1_361' title='bbox 433 3791 656 3846; x_wconf 86' lang='lat' dir='ltr'>oerkev.</span> <span class='ocrx_word' id='word_1_362' title='bbox 711 3792 795 3847; x_wconf 90' lang='lat' dir='ltr'>Ko</span> <span class='ocrx_word' id='word_1_363' title='bbox 830 3792 886 3859; x_wconf 87' lang='lat' dir='ltr'>J’e</span> <span class='ocrx_word' id='word_1_364' title='bbox 925 3793 1085 3864; x_wconf 89' lang='lat' dir='ltr'>umrl,</span> <span class='ocrx_word' id='word_1_365' title='bbox 1123 3808 1190 3847; x_wconf 91' lang='lat' dir='ltr'>so</span> <span class='ocrx_word' id='word_1_366' title='bbox 1231 3792 1463 3847; x_wconf 87' lang='lat' dir='ltr'>shranili</span> <span class='ocrx_word' id='word_1_367' title='bbox 1501 3790 1745 3861; x_wconf 86' lang='lat' dir='ltr'>njegovo</span> <span class='ocrx_word' id='word_1_368' title='bbox 1785 3796 1972 3863; x_wconf 90' lang='lat' dir='ltr'>truplo</span> <span class='ocrx_word' id='word_1_369' title='bbox 2012 3810 2049 3849; x_wconf 88' lang='lat' dir='ltr'><strong>v</strong></span> <span class='ocrx_word' id='word_1_370' title='bbox 2089 3797 2300 3868; x_wconf 87' lang='lat' dir='ltr'>oerkvi‚</span> <span class='ocrx_word' id='word_1_371' title='bbox 2340 3797 2538 3852; x_wconf 87' lang='lat' dir='ltr'>katero</span> 
     </span>
     <span class='ocr_line' id='line_1_39' title="bbox 226 3875 861 3950; baseline 0.008 -19"><span class='ocrx_word' id='word_1_372' title='bbox 226 3875 283 3945; x_wconf 83' lang='lat' dir='ltr'>je</span> <span class='ocrx_word' id='word_1_373' title='bbox 320 3878 400 3932; x_wconf 90' lang='lat' dir='ltr'>bil</span> <span class='ocrx_word' id='word_1_374' title='bbox 437 3881 529 3934; x_wconf 88' lang='lat' dir='ltr'>dal</span> <span class='ocrx_word' id='word_1_375' title='bbox 569 3882 861 3950; x_wconf 88' lang='lat' dir='ltr'>napraviti.</span> 
     </span>
    </p>
   </div>
   <div class='ocr_carea' id='block_1_6' title="bbox 235 3983 586 3994">
    <p class='ocr_par' dir='ltr' id='par_1_7' title="bbox 235 3983 586 3994">
     <span class='ocr_line' id='line_1_40' title="bbox 235 3983 586 3994; baseline 0 510"><span class='ocrx_word' id='word_1_376' title='bbox 235 3983 586 3994; x_wconf 95' lang='lat' dir='ltr'> </span> 
     </span>
    </p>
   </div>
   <div class='ocr_carea' id='block_1_7' title="bbox 232 4027 2539 4157">
    <p class='ocr_par' dir='ltr' id='par_1_8' title="bbox 232 4027 2539 4157">
     <span class='ocr_line' id='line_1_41' title="bbox 412 4027 2539 4091; baseline 0.002 -17"><span class='ocrx_word' id='word_1_377' title='bbox 412 4027 445 4085; x_wconf 87' lang='grc' dir='ltr'>ι)</span> <span class='ocrx_word' id='word_1_378' title='bbox 479 4029 699 4086; x_wconf 81' lang='lat' dir='ltr'>Vojvoda</span> <span class='ocrx_word' id='word_1_379' title='bbox 721 4031 903 4076; x_wconf 88' lang='lat' dir='ltr'>Pemon</span> <span class='ocrx_word' id='word_1_380' title='bbox 927 4033 979 4087; x_wconf 83' lang='lat' dir='ltr'>je</span> <span class='ocrx_word' id='word_1_381' title='bbox 1001 4031 1046 4076; x_wconf 93' lang='lat' dir='ltr'>le</span> <span class='ocrx_word' id='word_1_382' title='bbox 1069 4030 1199 4076; x_wconf 89' lang='lat' dir='ltr'>hotel</span> <span class='ocrx_word' id='word_1_383' title='bbox 1222 4030 1447 4087; x_wconf 72' lang='lat' dir='ltr'>pribeiati</span> <span class='ocrx_word' id='word_1_384' title='bbox 1469 4043 1500 4075; x_wconf 89' lang='lat' dir='ltr'>v</span> <span class='ocrx_word' id='word_1_385' title='bbox 1525 4030 1783 4075; x_wconf 90' lang='lat' dir='ltr'>domovino</span> <span class='ocrx_word' id='word_1_386' title='bbox 1815 4030 2098 4091; x_wconf 87' lang='lat' dir='ltr'>Slovencev‚</span> <span class='ocrx_word' id='word_1_387' title='bbox 2131 4033 2179 4077; x_wconf 90' lang='lat' dir='ltr'>ni</span> <span class='ocrx_word' id='word_1_388' title='bbox 2208 4045 2270 4090; x_wconf 90' lang='lat' dir='ltr'>pa</span> <span class='ocrx_word' id='word_1_389' title='bbox 2302 4046 2334 4078; x_wconf 88' lang='lat' dir='ltr'><strong>v</strong></span> <span class='ocrx_word' id='word_1_390' title='bbox 2365 4032 2539 4078; x_wconf 85' lang='lat' dir='ltr'>resniei</span> 
     </span>
     <span class='ocr_line' id='line_1_42' title="bbox 232 4104 522 4157; baseline 0.01 -11"><span class='ocrx_word' id='word_1_391' title='bbox 232 4106 339 4157; x_wconf 84' lang='lat' dir='ltr'>tega</span> <span class='ocrx_word' id='word_1_392' title='bbox 370 4104 522 4149; x_wconf 83' lang='lat' dir='ltr'>storil.</span> 
     </span>
    </p>
   </div>
   <div class='ocr_carea' id='block_1_8' title="bbox 411 4177 2361 4300">
    <p class='ocr_par' dir='ltr' id='par_1_9' title="bbox 411 4177 2361 4300">
     <span class='ocr_line' id='line_1_43' title="bbox 411 4177 813 4235; baseline 0.007 -13"><span class='ocrx_word' id='word_1_393' title='bbox 411 4177 448 4235; x_wconf 86' lang='lat'>²)</span> <span class='ocrx_word' id='word_1_394' title='bbox 476 4178 582 4235; x_wconf 87' lang='lat' dir='ltr'>Glej</span> <span class='ocrx_word' id='word_1_395' title='bbox 618 4180 675 4225; x_wconf 72' lang='lat' dir='ltr'>st.</span> <span class='ocrx_word' id='word_1_396' title='bbox 711 4184 813 4225; x_wconf 86' lang='lat'><strong>213.</strong></span> 
     </span>
     <span class='ocr_line' id='line_1_44' title="bbox 2272 4256 2361 4300; baseline 0.011 -1"><span class='ocrx_word' id='word_1_397' title='bbox 2272 4256 2361 4300; x_wconf 72' lang='lat'>22¹⁸</span> 
     </span>
    </p>
   </div>
  </div>
 </body>
</html>
