2872 4504
351 257 404 294 74
1377 250 1443 294 St.
1468 254 1536 306 73,
1570 255 1639 295 74.

347 445 430 483 sv.
455 427 770 496 Kancijana,
797 426 1040 494 Kancija,
1067 425 1430 492 Kancijanile,
1457 425 1742 493 Evfemije,
1770 426 2046 496 Doroteje‚
2076 428 2255 483 Tekle
2283 431 2340 483 in
2371 431 2639 485 Herazme

347 524 429 570 ter
465 516 545 580 jih
583 532 612 569 z
653 516 842 569 veliko
883 514 1059 579 oastjo
1098 514 1328 567 shranili
1368 528 1441 580 po
1480 514 1783 580 gradeskih
1823 515 2084 569 cerkvah.

523 609 861 670 Chronicon
913 618 1209 668 Gradense
1263 615 1593 685 (Monticolo,
1644 616 1918 667 Cronache
1977 619 2286 684 Veneziane‚
2359 619 2470 690 37):
2531 623 2639 692 „Ea

347 724 576 774 namque
635 717 939 773 tempestate
1001 706 1207 754 cuidam
1263 703 1575 754 Geminiano
1629 706 1913 771 presbitero
1967 707 2140 756 divina
2194 710 2510 759 revelatione
2560 714 2640 760 in-

347 798 584 845 iunctum
637 805 714 844 est
765 805 821 843 ut
876 796 926 841 in
970 792 1273 859 Tergestina
1328 794 1528 840 civitate
1580 793 1844 842 destructa
1897 795 2028 842 inter
2083 811 2262 844 muros
2317 798 2531 864 ecclesie}
2589 809 2638 847 et

347 899 527 933 muros
567 884 825 948 destructe
865 883 1080 930 civitatis
1122 895 1342 945 corpora
1381 892 1681 930 sanctorum
1724 882 2068 950 quadraginta
2108 894 2158 932 et
2197 884 2304 933 duo
2348 897 2637 954 martyrum

345 973 614 1037 diligenter
654 972 986 1036 perquireret.
1030 967 1238 1028 Quibus
1280 971 1515 1036 inventis,
1555 985 1676 1018 cum
1718 970 2034 1036 quibusdam
2074 974 2181 1019 suis
2223 975 2638 1034 comprovincia-

344 1061 478 1109 libus
519 1059 582 1107 ad
623 1058 1055 1124 Aquilegensium
1097 1056 1412 1105 destructam
1455 1060 1744 1121 perveniret
1783 1060 2072 1117 civitatem3
2116 1047 2480 1126 perquirentes
2522 1063 2642 1110 reli-

345 1149 493 1214 quias
544 1157 846 1194 sanctorum
899 1147 1208 1193 invenerunt
1263 1145 1331 1193 ibi
1388 1160 1608 1209 corpora
1662 1157 1963 1195 sanctorum
2026 1158 2312 1215 martyrum
2372 1147 2550 1199 Cancii
2592 1162 2643 1200 et

346 1233 594 1283 Canciani
653 1243 808 1299 atque
865 1230 1184 1281 Cancianille
1238 1248 1332 1280 nec
1374 1249 1481 1280 non
1532 1243 1582 1281 et
1622 1248 1841 1298 corpora
1882 1244 2177 1284 sanctarum
2219 1238 2491 1303 virginum
2532 1237 2641 1286 Eu·

345 1320 503 1390 firme,
543 1319 824 1388 Dorothee,
865 1319 1023 1387 Tecle
1064 1330 1113 1368 et
1159 1319 1394 1388 Erasme,
1443 1337 1572 1387 quas
1631 1337 1815 1369 omnes
1867 1323 2126 1389 reliquias,
2170 1334 2227 1373 ut
2268 1327 2312 1373 ei
2354 1327 2639 1375 revelatum

346 1409 526 1467 fuerat,
586 1425 763 1457 secum
818 1405 1135 1467 defferentes,
1196 1424 1317 1456 cum
1377 1411 1606 1457 maximo
1663 1407 1866 1458 honore
1909 1412 1958 1458 in
2009 1421 2174 1460 castro
2219 1410 2470 1462 Gradensi
2512 1413 2642 1464 infra

347 1498 584 1566 ecclesias
625 1498 927 1561 dignissime
968 1493 1364 1545 condiderunt.“

522 1599 860 1650 Chronicon
900 1599 1193 1649 Venetum
1245 1600 1423 1663 vulgo
1475 1600 1736 1650 Altinate
1787 1598 1929 1669 (MG.
1970 1599 2056 1653 SS.
2094 1601 2230 1660 XIV,
2282 1600 2388 1671 11):
2435 1603 2642 1673 „Gemi-

346 1690 563 1737 nianum
605 1688 947 1753 presbiterum
990 1687 1136 1754 quod
1177 1687 1241 1735 ad
1283 1703 1403 1736 eum
1447 1686 1589 1736 Deus
1629 1689 1886 1746 revelavit,
1931 1699 1987 1737 ut
2026 1691 2077 1737 in
2102 1687 2361 1740 Triestina
2388 1692 2646 1743 destructa

346 1778 546 1825 civitate
590 1777 836 1842 venirent,
876 1785 934 1824 ut
974 1777 1256 1841 inquireret
1294 1785 1596 1824 sanctorum
1638 1791 1858 1841 corpora
1898 1777 2240 1843 quadraginta
2282 1788 2332 1827 et
2370 1779 2478 1829 duo
2509 1796 2645 1830 mar-

345 1877 521 1934 tyrum
577 1862 707 1912 infra
748 1879 928 1912 muros
970 1864 1182 1912 ecclesie
1224 1874 1273 1912 et
1314 1879 1492 1912 muros
1547 1863 1802 1914 destructe
1856 1867 2091 1926 civitatis,
2150 1877 2207 1914 ut
2247 1882 2338 1931 per
2378 1869 2496 1934 iuga
2538 1869 2645 1918 cul-

347 1957 553 2002 minum
602 1955 697 2002 toti
754 1952 900 2019 quod
956 1954 1103 2018 pueri
1160 1962 1303 2000 eraut
1358 1954 1410 2000 in
1451 1953 1664 2001 ecclesia
1704 1964 1929 2002 stantem
1970 1964 2182 2019 propter
2238 1966 2444 2004 metum
2487 1973 2642 2024 paga-

348 2057 542 2091 norum
591 2039 799 2090 in1hoc
852 2041 970 2089 loco
1023 2042 1114 2088 toti
1160 2037 1372 2088 fuerunt
1412 2042 1725 2105 precipitati;
1769 2057 1889 2090 cum
1933 2042 2209 2108 Aquilegia
2248 2054 2524 2103 venerunt,
2568 2046 2645 2092 in-

350 2132 640 2197 quisierunt
681 2126 860 2178 Cancii
903 2139 952 2177 et
991 2126 1317 2177 Cancianum
1361 2139 1410 2177 et
1449 2144 1598 2178 soror
1637 2130 1773 2179 illius
1817 2127 2153 2198 Cancianilla,
2193 2140 2243 2179 et
2282 2143 2512 2198 quatuor
2550 2133 2647 2182 alie

347 2229 642 2267 sanctarum
701 2219 980 2285 virginum,
1037 2215 1297 2285 Eufemia,
1356 2216 1623 2266 Dorothea
1675 2227 1724 2267 et
1763 2216 1924 2267 Tecla
1965 2229 2015 2267 et
2066 2217 2297 2271 Erasma.
2354 2219 2493 2269 Tota
2551 2219 2647 2270 hec

350 2318 649 2356 sanctorum
695 2321 915 2369 corpora
958 2321 1077 2355 cum
1121 2305 1512 2354 multitudinem
1563 2307 1797 2374 aliarum,
1850 2307 1996 2373 quod
2037 2307 2101 2355 ad
2143 2323 2264 2357 eum
2306 2310 2646 2374 presbiterum

346 2398 397 2443 iu
432 2388 750 2444 'revelatione
791 2397 933 2443 venit
977 2404 1026 2442 et
1057 2394 1130 2442 ad
1172 2410 1295 2443 eum
1336 2394 1518 2443 locum
1557 2395 1800 2454 ostendit,
1843 2394 2078 2445 Venetici
2120 2397 2215 2445 toti
2257 2412 2458 2455 omnes,
2502 2399 2648 2465 quod

346 2482 430 2532 hic
470 2483 726 2532 destructe
775 2485 962 2532 civitati
1004 2485 1206 2531 venturi
1249 2480 1474 2550 fuerunt,
1515 2483 1860 2548 presbiterum
1914 2482 2291 2533 Geminianum
2331 2485 2395 2533 ad
2437 2486 2648 2535 illorum

347 2573 526 2621 locum
580 2571 886 2623 ostenditur.
939 2571 1106 2637 Supra
1159 2587 1380 2636 corpora
1433 2582 1735 2621 sanctorum
1777 2572 2064 2622 multitudo
2107 2575 2415 2622 marmoreis
2455 2574 2648 2643 lastis¹)

348 2662 670 2726 invenerunt,
711 2660 895 2709 subtus
937 2677 1022 2708 eas
1062 2670 1339 2728 traxerunt,
1381 2663 1430 2708 in
1471 2658 1807 2709 Gradensem
1850 2663 2109 2710 civitatem
2152 2662 2261 2711 illas
2303 2662 2651 2732 adduxerunt,

348 2765 467 2798 cum
513 2750 742 2797 maximo
783 2747 985 2797 honore
1029 2750 1077 2796 in
1122 2747 1401 2797 Gradensis
1442 2748 1669 2797 ecclesiis
1710 2747 2087 2801 retinuerunt.“

525 2852 779 2903 Danduli
830 2851 1186 2910 Chronieon‚
1229 2850 1290 2909 V,
1346 2867 1387 2904 c.
1438 2868 1514 2919 11,
1562 2867 1679 2918 pars
1726 2866 1786 2916 14
1826 2850 2117 2922 (Muratori‚
2173 2852 2354 2920 Script.
2394 2869 2487 2906 rer.
2525 2852 2650 2906 Ital..

345 2939 456 3007 XII,
512 2944 624 3005 94):
684 2940 916 3007 „Eadem
971 2941 1114 2989 clade
1166 2938 1692 3009 (Longobardorum)
1735 2943 1811 2989 vir
1850 2941 2072 2990 devotus
2115 2940 2461 2991 Geminianus
2507 2957 2650 3008 pres-

349 3029 496 3096 byter
550 3029 613 3076 de
654 3027 949 3095 Trigestina
999 3029 1125 3077 urbe
1183 3030 1284 3076 iarn
1340 3030 1392 3076 in
1433 3028 1772 3077 solitudinem
1814 3029 2014 3078 reddita
2056 3045 2276 3095 corpora
2316 3029 2473 3083 XLII.
2514 3046 2643 3079 mar-

347 3127 523 3183 tyrum
565 3100 739 3164 divina
780 3117 1094 3166 revelatione
1136 3119 1344 3166 inventa
1385 3115 1641 3174 aufereuS,
1685 3128 1734 3166 et
1774 3117 1837 3166 de
1877 3117 2120 3184 Aquileia
2160 3129 2466 3168 sanctorum
2510 3117 2653 3169 Can-

348 3206 487 3271 tiani,
528 3202 698 3253 Cantii
742 3216 791 3253 et
831 3203 1173 3254 Cantianillae
1197 3215 1246 3253 et
1271 3217 1564 3254 sanctarum
1609 3204 1953 3272 Euphemiae‚
1996 3205 2312 3268 Dorotheae‚
2370 3207 2560 3258 Teclae
2603 3221 2653 3257 et

349 3291 633 3341 Herasmae
675 3309 894 3358 corpora
936 3295 986 3341 in
1030 3292 1205 3343 Grado
1246 3291 1518 3360 portavit.“

1363 3533 1472 3619 St.
1527 3551 1646 3619 74.

524 3659 646 3715 568
743 3672 774 3714 ο
816 3660 869 3715 2.
987 3659 1106 3716 rilu.

524 3673 979 3814 Langgo'lwardskaip
1008 3748 1154 3815 kralj
1217 3750 1422 3804 Alboin
1472 3750 1529 3817 je
1585 3749 1842 3819 pripeljal
1900 3767 1928 3805 s
1988 3751 2142 3819 seboj
2203 3768 2239 3805 v
2292 3752 2476 3820 Italijo
2516 3753 2655 3821 ljudi

347 3835 538 3887 raznih
588 3837 855 3903 narodov,
909 3836 1101 3890 katere
1159 3838 1208 3891 si
1243 3839 1298 3903 je
1338 3854 1454 3892 sam
1495 3840 1768 3907 podvrgel
1807 3840 1882 3892 ali
1922 3856 1992 3907 pa
2030 3857 2091 3894 se
2126 3840 2182 3906 je
2219 3847 2278 3895 to
2318 3841 2549 3910 zgodilo
2588 3841 2652 3896 ie

348 3924 460 3991 pod
509 3923 811 3991 njegovimi
864 3926 1135 3992 predniki.
1189 3927 1400 3995 Mnogo
1456 3928 1652 3994 krajev
1704 3943 1778 3996 po
1818 3928 2001 3997 Italiji‚
2051 3944 2124 3997 po
2165 3930 2383 3983 katerih
2426 3946 2495 3985 so
2534 3930 2652 3997 njih

532 4069 561 4124 ¹)
598 4071 806 4126 „Lastis“
852 4080 1068 4117 namesto
1105 4074 1336 4130 „lastris“.
1374 4099 1426 4106 —
1461 4075 1683 4119 Lastrum
1715 4077 1760 4130 ie
1791 4088 1854 4131 po
1886 4075 1963 4119 Du
1995 4075 2235 4131 Cangeevi
2265 4077 2427 4122 trditvi
2467 4078 2648 4134 „basis“

345 4142 410 4186 ali
445 4155 557 4198 „pes
589 4143 876 4188 columnae“.
1490 4163 1493 4165 ·
