2872 4504
1234 215 1301 270 St.
1326 231 1397 270 70.
1611 254 1614 258 «
2327 195 2330 197 ’
2403 221 2456 262 67

333 405 513 469 Origo
554 408 707 468 gent.
737 404 989 469 Langob.
1024 419 1069 455 c.
1100 402 1146 473 5,
1186 402 1326 473 (MG.
1354 403 1439 455 SS.
1466 419 1560 454 rer.
1587 400 1842 467 Langob.‚
1867 416 1916 465 p.
1943 394 2024 466 4):
2072 397 2222 466 „Ipse
2271 398 2468 446 Albuin

157 494 374 545 adduxit
425 492 809 558 Langobardos
862 495 912 540 in
962 492 1123 561 Italia,
1181 495 1426 542 invitatos
1482 508 1510 541 a
1561 491 1776 540 Nassete
1831 488 2142 548 scribarum3
2197 497 2246 535 et
2305 488 2473 535 movit

160 584 356 633 Albuin
396 597 483 631 rex
512 581 987 648 Langobardorum
1028 582 1090 629 de
1126 581 1398 630 Pannonia
1438 596 1618 630 mense
1640 577 1833 645 Aprilis
1874 592 1902 625 a
1942 574 2135 640 pascha
2176 574 2472 623 indictione

162 675 346 740 prima.
385 670 628 720 Secunda
666 685 790 719 vero
833 671 1116 719 indictione
1158 679 1446 734 coeperunt
1485 668 1731 734 praedare
1772 668 1823 714 in
1866 663 2023 716 Italia.
2072 662 2250 712 Tertia
2295 672 2470 718 autem

159 761 447 810 indictione
489 758 657 808 factus
699 768 776 807 est
814 758 1065 808 dominus
1106 756 1330 810 Italiae.“

338 863 604 915 Historia
643 862 898 927 Langob.
933 864 1057 914 cod.
1087 861 1362 925 Gothani‚
1405 877 1445 913 c.
1477 876 1528 925 5,
1567 858 1726 931 (MG.,
1766 857 1853 908 SS.
1883 872 1977 910 rer.
2003 856 2260 922 Langob„
2303 873 2353 920 p.
2400 851 2471 923 9):

163 953 278 1023 „Eo
328 962 569 1018 tempore
611 967 732 1000 cum
776 953 910 999 exire
951 961 1240 1016 coeperunt
1281 950 1611 1016 Langobardi
1653 966 1682 998 a
1723 948 2010 1004 Pannonia,
2069 955 2197 994 tunc
2238 943 2477 994 fecerunt

162 1052 377 1108 pactum
432 1050 482 1089 et
522 1038 711 1089 foedus
752 1041 1017 1088 amiciciae
1058 1039 1215 1087 Abari
1257 1054 1382 1088 cum
1422 1040 1545 1104 ipsis
1585 1036 1963 1104 Langobardis‚
2018 1044 2068 1083 et
2107 1044 2301 1083 cartam
2342 1049 2465 1083 con-

161 1131 475 1196 scriptionis,
518 1139 767 1196 utusque
794 1129 859 1177 ad
899 1144 1066 1177 annos
1107 1128 1381 1186 ducentos,
1423 1129 1463 1176 si
1507 1142 1695 1176 eorum
1735 1134 1921 1192 oporte
1962 1133 2098 1173 esset
2142 1123 2474 1172 Pannoniam

165 1220 442 1286 requirere,
498 1220 610 1266 sine
664 1219 844 1266 omnia
900 1217 1034 1266 bella
1090 1219 1385 1266 certaminis
1442 1217 1506 1266 ad
1563 1231 1747 1265 eorum
1809 1223 2011 1280 partem
2069 1218 2239 1278 ipsam
2287 1223 2475 1261 terram

166 1309 463 1358 relaxarent.
503 1306 572 1355 Et
601 1308 653 1355 in
680 1306 896 1371 Italiam,
939 1308 991 1354 in
1018 1323 1181 1373 quam
1210 1308 1305 1372 ipsi
1334 1315 1678 1372 perrexerant,
1722 1320 1891 1372 usque
1918 1303 1982 1352 ad
2007 1303 2194 1370 plenos
2219 1302 2478 1354 ducentos

164 1412 332 1445 annos
374 1397 426 1444 in
468 1410 657 1444 eorum
698 1396 950 1444 auxilium
993 1406 1165 1444 essent
1204 1397 1383 1461 parati.
1429 1393 1496 1443 Et
1535 1395 1763 1443 movisse
1804 1391 2000 1441 Albuin
2045 1407 2132 1440 rex
2173 1391 2480 1457 Langobar-

165 1485 357 1534 dorum
398 1485 462 1533 de
502 1483 778 1533 Pannonia
820 1485 1044 1532 exercitu
1085 1500 1196 1539 suo,
1226 1483 1375 1533 valde
1417 1484 1699 1549 copiosum
1740 1497 1919 1530 mense
1959 1479 2139 1547 Aprile
2176 1481 2225 1528 in
2269 1478 2478 1544 pascha,

168 1573 453 1623 indictione
508 1574 704 1638 prima;
764 1572 995 1621 secunda
1049 1587 1172 1621 vero
1231 1571 1517 1621 indictione
1573 1572 1852 1636 incipiente
1908 1578 2197 1635 coeperunt
2255 1568 2468 1634 predare

163 1660 325 1711 finem
367 1660 556 1718 Italiae,
599 1663 755 1710 tercia
795 1670 973 1710 autem
1015 1659 1181 1710 factus
1223 1670 1299 1709 est
1338 1660 1585 1709 dominus
1626 1655 1847 1710 Italiae.“

342 1767 516 1817 Marii
566 1765 831 1830 episcopi
871 1765 1287 1815 Aventicensis
1329 1763 1646 1815 Chronica.
1689 1760 2022 1832 (MG.‚Auct.
2052 1771 2174 1830 aut„
2202 1760 2290 1822 XI,
2325 1756 2479 1829 238):

177 1855 375 1915 „Anno
404 1854 488 1907 ΙΙΙ.
517 1871 660 1906 cons.
690 1853 870 1903 Iustini
902 1856 1008 1906 iun.
1034 1856 1165 1921 Aug.
1193 1853 1303 1906 Ind.
1329 1852 1372 1901 II
1400 1850 1477 1923 (=
1507 1853 1609 1918 569
1636 1870 1687 1918 p.
1713 1848 1872 1920 Chr.).
1898 1851 2017 1901 Hoc
2043 1867 2182 1900 anno
2209 1850 2482 1899 Alboenus

167 1961 256 1994 rex
298 1944 779 2010 Langobardorum
838 1959 958 1992 cum
1016 1945 1161 1991 omni
1217 1945 1442 1992 exercitu
1491 1943 1793 2008 relinquens
1835 1951 1991 2008 atque
2033 1940 2314 1989 incendens
2356 1939 2486 1988 Pan-

169 2035 384 2084 noniam
414 2050 565 2082 suam
589 2034 814 2099 patriam
840 2047 959 2082 cum
990 2032 1299 2081 mulieribus
1340 2032 1422 2080 vel
1465 2033 1612 2081 omni
1655 2031 1861 2096 populo
1904 2047 2001 2079 suo
2044 2032 2096 2079 in
2139 2028 2244 2079 fara
2285 2029 2485 2079 Italiam

165 2125 472 2190 occupavit,
512 2123 689 2189 ibique
731 2122 815 2170 alii
858 2121 1065 2190 morb0‚
1104 2121 1189 2169 alii
1231 2119 1384 2189 fame,
1425 2120 1668 2169 nonnulli
1711 2120 1885 2185 gladio
1927 2121 2224 2185 interempti
2253 2116 2422 2171 sunt.“
2446 2116 2484 2185 ¹)

349 2225 645 2277 Odlomek
688 2227 739 2276 iz
780 2226 933 2276 neke
974 2225 1170 2277 notice
1210 2225 1615 2289 tridentskega
1655 2219 1830 2276 skofa
1870 2223 2165 2275 Sekunda.
2207 2221 2365 2293 (MG.,
2392 2221 2483 2275 SS.

167 2330 264 2366 rer.
292 2314 543 2382 Langob„
590 2329 676 2378 25,
721 2331 814 2381 op.
844 2311 919 2383 3):
980 2356 1007 2383 „
1039 2354 1049 2364 .
1078 2354 1089 2366 .
1120 2354 1132 2366 .
1161 2313 1228 2363 Et
1268 2316 1319 2362 in
1373 2313 1476 2363 hoc
1517 2329 1678 2380 supra
1721 2323 2018 2363 memorato
2060 2329 2200 2362 anno
2242 2311 2330 2383 (sc.
2364 2310 2487 2381 580)

167 2401 267 2452 fuit
304 2404 578 2472 bissextus,
619 2404 964 2453 residentibus
1008 2405 1059 2452 in
1103 2402 1249 2452 Italia
1290 2402 1659 2468 Longobardis
1701 2419 1821 2454 ann.
1858 2419 1936 2461 12,
1980 2419 2042 2452 eo
2085 2403 2232 2470 quod
2258 2403 2487 2452 secunda

171 2491 454 2541 indictione
497 2494 549 2540 in
593 2509 652 2542 ea
694 2495 910 2558 ingressi
952 2503 1077 2542 sunt
1117 2508 1298 2541 mense
1340 2491 1500 2543 Maio,
1542 2494 1673 2541 Acta
1715 2502 1838 2540 sunt
1877 2507 2035 2557 supra
2077 2495 2266 2558 scripta
2308 2496 2487 2542 omnia

167 2581 222 2628 in
275 2582 480 2630 civitate
511 2579 821 2630 Tridentina
850 2583 900 2630 in
931 2582 1051 2631 loco
1093 2583 1344 2647 Anagnis,
1387 2581 1692 2646 presedente
1725 2580 1951 2646 Agnello
1980 2583 2230 2647 episcopo
2269 2598 2408 2632 anno
2441 2599 2486 2647 3.

175 2670 397 2735 expleto.
435 2669 557 2738 Ego
601 2669 877 2720 Secundus
919 2687 1098 2719 servus
1139 2668 1331 2719 Christi
1372 2671 1553 2735 scripsi
1611 2668 1708 2719 hec
1762 2672 2118 2719 conversionis
2171 2686 2310 2720 sacre
2352 2673 2480 2720 rele-

170 2760 342 2824 gionis
379 2776 494 2808 mee
541 2776 681 2810 anno
725 2774 803 2824 15,
847 2762 1052 2826 imperii
1078 2758 1274 2808 Tiberii
1303 2775 1443 2808 anno
1470 2761 1660 2828 primo,
1702 2775 1881 2808 mense
1908 2757 2076 2820 Iunio,
2107 2760 2281 2812 indict.
2315 2768 2422 2825 13.“
2440 2757 2482 2829 ²)

170 2904 327 2960 Italiji.
374 2905 583 2950 Razume
622 2918 691 2963 se,
738 2907 798 2951 da
841 2918 895 2950 za
937 2906 1021 2951 tak
1069 2906 1227 2950 korak
1274 2905 1322 2948 ni
1366 2905 1568 2961 potreba
1598 2905 1691 2950 nad
1722 2917 1814 2950 eno
1845 2904 1942 2950 leto
1974 2907 2100 2950 casa.
2133 2905 2249 2964 (Cfr.
2273 2908 2423 2952 Rutar
2456 2923 2487 2953 v

172 2979 402 3035 Letopisu
432 2979 604 3024 Matice
634 2980 760 3025 slov.
784 2992 838 3024 za
870 2979 966 3024 leto
999 2983 1130 3038 1885,
1163 2985 1246 3024 str.
1270 2981 1388 3033 298.)

351 3053 450 3097 Ker
490 3066 548 3098 so
581 3054 886 3110 Langobardi
917 3055 959 3098 iz
992 3054 1226 3109 Panonije
1257 3054 1405 3097 lahko
1437 3053 1576 3110 prisli
1607 3053 1698 3098 kar
1727 3059 1993 3099 naravnost
2024 3069 2056 3100 v
2087 3056 2246 3111 Italijo
2279 3057 2327 3100 in
2361 3058 2488 3103 sicer

172 3140 238 3184 po
275 3127 394 3172 stari
439 3128 612 3172 rimski
654 3129 785 3186 cesti,
832 3129 884 3173 ki
924 3131 976 3184 je
1019 3128 1195 3184 peljala
1238 3128 1280 3171 iz
1313 3128 1454 3183 Ptuja
1486 3129 1564 3172 ὅθι
1597 3127 1796 3183 sed-anjo
1830 3128 2087 3184 Ljubljano
2130 3130 2180 3174 in
2211 3131 2422 3176 Hrusico
2455 3147 2488 3178 v

173 3201 428 3257 Vipavsko
459 3201 623 3246 dolino
655 3202 705 3246 in
739 3208 899 3258 potem
930 3217 962 3247 v
996 3202 1150 3258 Oglej‚
1183 3208 1287 3247 zato
1310 3214 1370 3246 ne
1391 3214 1572 3245 morem
1598 3201 1801 3257 pritrditi
1833 3202 1996 3260 tistim,
2027 3203 2079 3247 ki
2103 3216 2161 3248 so
2184 3219 2216 3250 v
2240 3207 2369 3261 svoji
2402 3208 2487 3251 do-

174 3349 354 3393 Franki
375 3350 709 3408 gospodovali‚
730 3355 890 3406 potem
913 3353 993 3395 cez
1017 3349 1189 3395 Predel
1211 3363 1244 3394 v
1260 3350 1478 3394 Nadisko
1504 3349 1681 3395 dolino.
1708 3350 1998 3406 Neverjetno
2016 3353 2082 3409 je,
2107 3353 2166 3397 da
2188 3353 2236 3397 bi
2259 3354 2341 3398 bili
2364 3355 2487 3400 Lan-

175 3424 376 3479 gobardi
423 3425 661 3480 napravili
707 3426 791 3469 tak
838 3425 1131 3481 nepotreben
1171 3425 1349 3469 ovinek
1392 3424 1441 3467 in
1482 3423 1606 3468 sicer
1637 3436 1700 3479 po
1731 3424 1905 3482 krajih,
1948 3425 2000 3469 ki
2032 3427 2140 3470 niso
2172 3427 2256 3471 bili
2287 3429 2364 3473 nic
2405 3430 2484 3486 kaj

175 3497 428 3553 pristopni.
476 3499 650 3543 Menda
680 3499 790 3542 niso
823 3499 907 3542 bili
938 3499 1053 3542 tako
1086 3498 1398 3555 nespametni,
1447 3498 1507 3541 da
1538 3498 1586 3541 bi
1618 3498 1699 3542 bili
1750 3505 1968 3543 namesto
2011 3500 2190 3558 krajse,
2235 3502 2393 3558 boljse
2439 3504 2487 3547 in

177 3571 400 3626 varnejse
423 3571 521 3627 poti
547 3572 658 3616 brez
689 3573 887 3627 potrebe
919 3572 1084 3615 izbrali
1116 3571 1288 3627 daljsO,
1321 3571 1535 3625 slabejso
1566 3571 1615 3614 in
1648 3573 1773 3627 manj
1809 3573 2023 3627 sigurno.

360 3644 391 3702 ¹)
421 3646 522 3710 Kar
553 3658 606 3690 se
631 3648 685 3701 je
718 3646 906 3702 zgodilo
938 3659 971 3690 v
1004 3651 1026 3690 1
1047 3680 1059 3703 ,
1091 3650 1135 3689 2.
1171 3645 1218 3688 in
1252 3649 1291 3689 3.
1326 3644 1556 3702 indikciJ'i,
1606 3646 1796 3689 namrec
1829 3647 1887 3690 da
1919 3658 1977 3690 so
2011 3647 2313 3702 Langobardi
2345 3662 2487 3705 zapu·

178 3717 321 3762 stivsi
353 3719 592 3774 Panonijo
635 3719 697 3763 sli
728 3733 760 3763 v
792 3720 949 3775 Italijo
981 3720 1030 3763 in
1062 3731 1115 3763 se
1150 3721 1193 3773 ie
1225 3718 1450 3774 polastili,
1494 3724 1544 3762 to
1577 3731 1686 3763 nam
1719 3719 1902 3765 Marius
1934 3721 2271 3767 Aventicensis
2302 3724 2392 3767 kar
2423 3737 2484 3767 na

179 3791 355 3836 kratko
387 3794 567 3848 poroca
598 3793 633 3837 k
666 3794 803 3849 drugi
835 3793 1062 3848 indikciJi.

360 3864 395 3921 ²)
425 3867 540 3911 Reci
586 3879 785 3924 moram,
832 3868 890 3912 da
923 3869 1083 3922 zgoraj
1120 3868 1370 3921 omenjena
1403 3866 1560 3910 notica
1592 3866 1735 3910 skofa
1767 3866 1994 3912 Sekunda
2025 3870 2074 3913 ni
2108 3870 2218 3914 brez
2250 3873 2482 3915 kronolo-

182 3939 340 3995 gicnih
386 3941 560 3996 napak.
609 3941 881 3997 Vprasanje
921 3943 987 3998 je,
1035 3942 1087 3985 ce
1122 3940 1197 3996 jih
1234 3942 1286 3994 je
1318 3939 1538 3995 napravil
1571 3940 1688 3984 skof
1717 3939 1914 3985 Sekund
1947 3954 2051 3986 sam
2084 3944 2146 3988 ali
2179 3957 2239 4000 pa
2272 3946 2487 4000 poznejsi

182 4014 504 4069 prepisovalci
535 4015 763 4070 njegovin
795 4015 978 4071 spisov.
1012 4015 1147 4059 Taka
1179 4015 1368 4069 napaka
1393 4016 1445 4069 je
1477 4026 1520 4057 n.
1544 4026 1614 4070 pr.
1637 4019 1698 4071 ta,
1739 4014 1797 4059 da
1822 4017 1875 4070 je
1907 4015 2103 4062 Sekund
2136 4020 2288 4074 spisal
2320 4025 2369 4063 to
2403 4033 2487 4063 no-

182 4087 280 4132 tico.
319 4100 352 4131 v
395 4099 561 4144 prvem
594 4089 691 4133 letu
714 4091 898 4144 cesarja
930 4089 1139 4143 Tiberija
1171 4099 1359 4132 meseca
1384 4087 1542 4142 junija
1573 4102 1605 4133 v
1638 4094 1708 4133 13.
1731 4088 1958 4146 indikciji.
2007 4093 2136 4136 Prvo
2169 4093 2263 4137 leto
2296 4097 2478 4148 cesarja

182 4161 394 4217 Tiberija
432 4163 484 4218 je
507 4163 679 4219 trajalo
712 4163 775 4207 od
806 4169 847 4207 4.
882 4162 1087 4207 oktobra
1121 4166 1220 4206 578.
1257 4174 1315 4217 pa
1349 4162 1409 4205 do
1452 4169 1490 4205 4.
1525 4163 1730 4207 oktobra
1764 4167 1886 4221 579.;
1919 4165 2136 4221 trinajsta
2168 4167 2394 4222 indikcija
2426 4181 2486 4223 pa

2224 4256 2311 4299 10³·ss
