<?xml version="1.0" encoding="UTF-8"?>
<!DOCTYPE html PUBLIC "-//W3C//DTD XHTML 1.0 Transitional//EN"
    "http://www.w3.org/TR/xhtml1/DTD/xhtml1-transitional.dtd">
<html xmlns="http://www.w3.org/1999/xhtml" xml:lang="en" lang="en">
 <head>
  <title>
</title>
<meta http-equiv="Content-Type" content="text/html;charset=utf-8" />
  <meta name='ocr-system' content='tesseract 3.04.00' />
  <meta name='ocr-capabilities' content='ocr_page ocr_carea ocr_par ocr_line ocrx_word'/>
</head>
<body>
  <div class='ocr_page' id='page_1' title='image "./gradivozazgodovi01kosmuoft_0325.png"; bbox 0 0 2872 4504; ppageno 0'>
   <div class='ocr_carea' id='block_1_1' title="bbox 1295 278 2524 336">
    <p class='ocr_par' dir='ltr' id='par_1_1' title="bbox 1295 278 2524 336">
     <span class='ocr_line' id='line_1_1' title="bbox 1295 278 2524 336; baseline -0.004 -2"><span class='ocrx_word' id='word_1_1' title='bbox 1295 278 1361 334; x_wconf 72' lang='lat' dir='ltr'>St.</span> <span class='ocrx_word' id='word_1_2' title='bbox 1395 292 1495 336; x_wconf 83' lang='lat'>195.</span> <span class='ocrx_word' id='word_1_3' title='bbox 2440 287 2524 329; x_wconf 78' lang='lat'>241</span> 
     </span>
    </p>
   </div>
   <div class='ocr_carea' id='block_1_2' title="bbox 219 458 2533 976">
    <p class='ocr_par' dir='ltr' id='par_1_2' title="bbox 219 458 2533 976">
     <span class='ocr_line' id='line_1_2' title="bbox 227 458 2529 532; baseline 0.001 -19"><span class='ocrx_word' id='word_1_4' title='bbox 227 460 305 514; x_wconf 92' lang='lat' dir='ltr'>Le</span> <span class='ocrx_word' id='word_1_5' title='bbox 344 476 413 514; x_wconf 87' lang='lat' dir='ltr'>en</span> <span class='ocrx_word' id='word_1_6' title='bbox 458 458 806 530; x_wconf 87' lang='lat' dir='ltr'>Langobard,</span> <span class='ocrx_word' id='word_1_7' title='bbox 858 462 1145 518; x_wconf 88' lang='lat' dir='ltr'>kateremu</span> <span class='ocrx_word' id='word_1_8' title='bbox 1195 464 1251 532; x_wconf 82' lang='lat' dir='ltr'>je</span> <span class='ocrx_word' id='word_1_9' title='bbox 1305 466 1423 519; x_wconf 91' lang='lat' dir='ltr'>bilo</span> <span class='ocrx_word' id='word_1_10' title='bbox 1477 466 1584 519; x_wconf 88' lang='lat' dir='ltr'>ime</span> <span class='ocrx_word' id='word_1_11' title='bbox 1634 460 1929 530; x_wconf 80' lang='lat' dir='ltr'>MunichiS,</span> <span class='ocrx_word' id='word_1_12' title='bbox 1980 459 2038 512; x_wconf 90' lang='lat' dir='ltr'>in</span> <span class='ocrx_word' id='word_1_13' title='bbox 2091 459 2154 513; x_wconf 87' lang='lat' dir='ltr'>ki</span> <span class='ocrx_word' id='word_1_14' title='bbox 2203 459 2259 526; x_wconf 87' lang='lat' dir='ltr'>je</span> <span class='ocrx_word' id='word_1_15' title='bbox 2299 462 2529 528; x_wconf 85' lang='lat' dir='ltr'>pozneje</span> 
     </span>
     <span class='ocr_line' id='line_1_3' title="bbox 228 546 2531 620; baseline 0 -17"><span class='ocrx_word' id='word_1_16' title='bbox 228 548 415 618; x_wconf 86' lang='lat' dir='ltr'>postal</span> <span class='ocrx_word' id='word_1_17' title='bbox 453 546 557 602; x_wconf 69' lang='lat' dir='ltr'>ooe</span> <span class='ocrx_word' id='word_1_18' title='bbox 596 548 983 604; x_wconf 86' lang='lat' dir='ltr'>furlanskemu</span> <span class='ocrx_word' id='word_1_19' title='bbox 1039 552 1286 619; x_wconf 86' lang='lat' dir='ltr'>vojvodu</span> <span class='ocrx_word' id='word_1_20' title='bbox 1337 554 1504 607; x_wconf 87' lang='lat' dir='ltr'>Petru</span> <span class='ocrx_word' id='word_1_21' title='bbox 1542 554 1600 607; x_wconf 89' lang='lat' dir='ltr'>in</span> <span class='ocrx_word' id='word_1_22' title='bbox 1639 549 2011 607; x_wconf 85' lang='lat' dir='ltr'>oenedskemu</span> <span class='ocrx_word' id='word_1_23' title='bbox 2063 548 2311 614; x_wconf 84' lang='lat' dir='ltr'>vojvodu</span> <span class='ocrx_word' id='word_1_24' title='bbox 2364 550 2531 620; x_wconf 87' lang='lat' dir='ltr'>Urzu,</span> 
     </span>
     <span class='ocr_line' id='line_1_4' title="bbox 220 635 2530 710; baseline 0 -19"><span class='ocrx_word' id='word_1_25' title='bbox 220 637 278 704; x_wconf 86' lang='lat' dir='ltr'>je</span> <span class='ocrx_word' id='word_1_26' title='bbox 315 636 512 690; x_wconf 78' lang='lat' dir='ltr'>izvrsil</span> <span class='ocrx_word' id='word_1_27' title='bbox 551 636 758 690; x_wconf 89' lang='lat' dir='ltr'>hrabro</span> <span class='ocrx_word' id='word_1_28' title='bbox 798 638 856 690; x_wconf 91' lang='lat' dir='ltr'>in</span> <span class='ocrx_word' id='word_1_29' title='bbox 894 640 1099 694; x_wconf 77' lang='lat' dir='ltr'>mosko</span> <span class='ocrx_word' id='word_1_30' title='bbox 1139 642 1284 695; x_wconf 77' lang='lat' dir='ltr'>delo,</span> <span class='ocrx_word' id='word_1_31' title='bbox 1325 641 1411 695; x_wconf 91' lang='lat' dir='ltr'>Ko</span> <span class='ocrx_word' id='word_1_32' title='bbox 1446 641 1503 709; x_wconf 90' lang='lat' dir='ltr'>je</span> <span class='ocrx_word' id='word_1_33' title='bbox 1540 641 1705 710; x_wconf 90' lang='lat' dir='ltr'>padel</span> <span class='ocrx_word' id='word_1_34' title='bbox 1728 655 1757 694; x_wconf 94' lang='lat' dir='ltr'>s</span> <span class='ocrx_word' id='word_1_35' title='bbox 1781 636 1954 704; x_wconf 84' lang='lat' dir='ltr'>konja</span> <span class='ocrx_word' id='word_1_36' title='bbox 1993 635 2051 689; x_wconf 88' lang='lat' dir='ltr'>in</span> <span class='ocrx_word' id='word_1_37' title='bbox 2088 651 2179 690; x_wconf 91' lang='lat' dir='ltr'>mu</span> <span class='ocrx_word' id='word_1_38' title='bbox 2213 636 2270 703; x_wconf 88' lang='lat' dir='ltr'>je</span> <span class='ocrx_word' id='word_1_39' title='bbox 2309 636 2372 690; x_wconf 69' lang='lat' dir='ltr'>ie</span> <span class='ocrx_word' id='word_1_40' title='bbox 2396 638 2530 691; x_wconf 89' lang='lat' dir='ltr'>neki</span> 
     </span>
     <span class='ocr_line' id='line_1_5' title="bbox 224 724 2532 799; baseline -0.001 -19"><span class='ocrx_word' id='word_1_41' title='bbox 224 724 519 795; x_wconf 84' lang='lat' dir='ltr'>Sloveneo,</span> <span class='ocrx_word' id='word_1_42' title='bbox 571 724 634 778; x_wconf 88' lang='lat' dir='ltr'>ki</span> <span class='ocrx_word' id='word_1_43' title='bbox 688 741 750 779; x_wconf 91' lang='lat' dir='ltr'>se</span> <span class='ocrx_word' id='word_1_44' title='bbox 798 725 854 793; x_wconf 87' lang='lat' dir='ltr'>je</span> <span class='ocrx_word' id='word_1_45' title='bbox 912 730 1072 797; x_wconf 88' lang='lat' dir='ltr'>vrgel</span> <span class='ocrx_word' id='word_1_46' title='bbox 1127 729 1274 799; x_wconf 90' lang='lat' dir='ltr'>nanj,</span> <span class='ocrx_word' id='word_1_47' title='bbox 1323 731 1514 783; x_wconf 87' lang='lat' dir='ltr'>zvezal</span> <span class='ocrx_word' id='word_1_48' title='bbox 1573 729 1720 799; x_wconf 88' lang='lat' dir='ltr'>roki,</span> <span class='ocrx_word' id='word_1_49' title='bbox 1767 726 1824 794; x_wconf 80' lang='lat' dir='ltr'>J&#39;e</span> <span class='ocrx_word' id='word_1_50' title='bbox 1877 726 2088 780; x_wconf 85' lang='lat' dir='ltr'>vendar</span> <span class='ocrx_word' id='word_1_51' title='bbox 2144 741 2175 778; x_wconf 90' lang='lat' dir='ltr'>z</span> <span class='ocrx_word' id='word_1_52' title='bbox 2213 726 2532 779; x_wconf 87' lang='lat' dir='ltr'>zvezanima</span> 
     </span>
     <span class='ocr_line' id='line_1_6' title="bbox 226 814 2533 884; baseline 0 -15"><span class='ocrx_word' id='word_1_53' title='bbox 226 814 463 869; x_wconf 87' lang='lat' dir='ltr'>rokama</span> <span class='ocrx_word' id='word_1_54' title='bbox 515 814 651 867; x_wconf 87' lang='lat' dir='ltr'>izvil</span> <span class='ocrx_word' id='word_1_55' title='bbox 702 818 1077 883; x_wconf 88' lang='lat' dir='ltr'>nasprotniku</span> <span class='ocrx_word' id='word_1_56' title='bbox 1133 819 1316 872; x_wconf 87' lang='lat' dir='ltr'>sulioo</span> <span class='ocrx_word' id='word_1_57' title='bbox 1355 820 1407 872; x_wconf 90' lang='lat' dir='ltr'>iz</span> <span class='ocrx_word' id='word_1_58' title='bbox 1446 819 1673 872; x_wconf 85' lang='lat' dir='ltr'>desnioe</span> <span class='ocrx_word' id='word_1_59' title='bbox 1709 823 1794 871; x_wconf 87' lang='lat' dir='ltr'>ter</span> <span class='ocrx_word' id='word_1_60' title='bbox 1831 831 1903 884; x_wconf 86' lang='lat' dir='ltr'>ga</span> <span class='ocrx_word' id='word_1_61' title='bbox 1943 814 2228 883; x_wconf 87' lang='lat' dir='ltr'>prebodel.</span> <span class='ocrx_word' id='word_1_62' title='bbox 2285 814 2433 869; x_wconf 89' lang='lat' dir='ltr'>Nato</span> <span class='ocrx_word' id='word_1_63' title='bbox 2472 831 2533 869; x_wconf 89' lang='lat' dir='ltr'>se</span> 
     </span>
     <span class='ocr_line' id='line_1_7' title="bbox 219 902 1740 976; baseline 0.003 -19"><span class='ocrx_word' id='word_1_64' title='bbox 219 902 277 971; x_wconf 87' lang='lat' dir='ltr'>je</span> <span class='ocrx_word' id='word_1_65' title='bbox 313 902 484 957; x_wconf 87' lang='lat' dir='ltr'>zvalil</span> <span class='ocrx_word' id='word_1_66' title='bbox 522 917 730 956; x_wconf 85' lang='lat' dir='ltr'>zvezan</span> <span class='ocrx_word' id='word_1_67' title='bbox 770 919 843 971; x_wconf 89' lang='lat' dir='ltr'>po</span> <span class='ocrx_word' id='word_1_68' title='bbox 883 906 1100 959; x_wconf 88' lang='lat' dir='ltr'>strmini</span> <span class='ocrx_word' id='word_1_69' title='bbox 1138 907 1379 960; x_wconf 89' lang='lat' dir='ltr'>navzdol</span> <span class='ocrx_word' id='word_1_70' title='bbox 1418 913 1501 960; x_wconf 90' lang='lat' dir='ltr'>ter</span> <span class='ocrx_word' id='word_1_71' title='bbox 1542 907 1680 961; x_wconf 76' lang='lat' dir='ltr'>usel.</span> <span class='ocrx_word' id='word_1_72' title='bbox 1701 903 1740 976; x_wconf 88' lang='lat'>¹)</span> 
     </span>
    </p>
   </div>
   <div class='ocr_carea' id='block_1_3' title="bbox 405 992 2741 1065">
    <p class='ocr_par' dir='ltr' id='par_1_3' title="bbox 405 992 2741 1065">
     <span class='ocr_line' id='line_1_8' title="bbox 405 992 2741 1065; baseline 0.003 -22"><span class='ocrx_word' id='word_1_73' title='bbox 405 993 575 1044; x_wconf 92' lang='lat' dir='ltr'>Pauli</span> <span class='ocrx_word' id='word_1_74' title='bbox 633 993 861 1044; x_wconf 87' lang='lat' dir='ltr'>diaconi</span> <span class='ocrx_word' id='word_1_75' title='bbox 919 995 1066 1048; x_wconf 85' lang='lat' dir='ltr'>Hist.</span> <span class='ocrx_word' id='word_1_76' title='bbox 1092 996 1367 1061; x_wconf 88' lang='lat' dir='ltr'>Langob.,</span> <span class='ocrx_word' id='word_1_77' title='bbox 1409 996 1496 1062; x_wconf 88' lang='lat' dir='ltr'>Vl,</span> <span class='ocrx_word' id='word_1_78' title='bbox 1538 1013 1578 1048; x_wconf 94' lang='lat' dir='ltr'>c.</span> <span class='ocrx_word' id='word_1_79' title='bbox 1610 1011 1692 1060; x_wconf 88' lang='lat'>24.</span> <span class='ocrx_word' id='word_1_80' title='bbox 1729 993 1874 1065; x_wconf 90' lang='lat' dir='ltr'><strong>(MG.</strong></span> <span class='ocrx_word' id='word_1_81' title='bbox 1898 992 1986 1046; x_wconf 88' lang='lat' dir='ltr'>SS.</span> <span class='ocrx_word' id='word_1_82' title='bbox 2014 1009 2112 1046; x_wconf 89' lang='lat' dir='ltr'>rer.</span> <span class='ocrx_word' id='word_1_83' title='bbox 2135 994 2386 1060; x_wconf 76' lang='lat' dir='ltr'>Langob„</span> <span class='ocrx_word' id='word_1_84' title='bbox 2423 1011 2537 1065; x_wconf 87' lang='lat'>172,</span> <span class='ocrx_word' id='word_1_85' title='bbox 2559 1015 2605 1060; x_wconf 80' lang='lat' dir='ltr'>p.</span> <span class='ocrx_word' id='word_1_86' title='bbox 2639 1007 2741 1049; x_wconf 87' lang='lat'><strong>172.</strong></span> 
     </span>
    </p>
   </div>
   <div class='ocr_carea' id='block_1_4' title="bbox 225 1079 2541 1952">
    <p class='ocr_par' dir='ltr' id='par_1_4' title="bbox 225 1079 2541 1952">
     <span class='ocr_line' id='line_1_9' title="bbox 234 1079 2535 1152; baseline 0 -20"><span class='ocrx_word' id='word_1_87' title='bbox 234 1079 381 1151; x_wconf 88' lang='lat'>173):</span> <span class='ocrx_word' id='word_1_88' title='bbox 426 1081 674 1143; x_wconf 83' lang='lat' dir='ltr'>„Mortuo</span> <span class='ocrx_word' id='word_1_89' title='bbox 716 1099 933 1150; x_wconf 92' lang='lat' dir='ltr'>quoque</span> <span class='ocrx_word' id='word_1_90' title='bbox 976 1094 1104 1150; x_wconf 92' lang='lat' dir='ltr'>aput</span> <span class='ocrx_word' id='word_1_91' title='bbox 1144 1083 1378 1134; x_wconf 92' lang='lat' dir='ltr'>Foroiuli</span> <span class='ocrx_word' id='word_1_92' title='bbox 1416 1085 1622 1151; x_wconf 86' lang='lat' dir='ltr'>Adone,</span> <span class='ocrx_word' id='word_1_93' title='bbox 1663 1101 1826 1152; x_wconf 86' lang='lat' dir='ltr'>quem</span> <span class='ocrx_word' id='word_1_94' title='bbox 1865 1083 2161 1132; x_wconf 84' lang='lat' dir='ltr'>dixeramus</span> <span class='ocrx_word' id='word_1_95' title='bbox 2201 1083 2535 1133; x_wconf 81' lang='lat' dir='ltr'>lociservato-</span> 
     </span>
     <span class='ocr_line' id='line_1_10' title="bbox 227 1169 2538 1241; baseline 0 -19"><span class='ocrx_word' id='word_1_96' title='bbox 227 1188 340 1222; x_wconf 89' lang='lat' dir='ltr'>rem</span> <span class='ocrx_word' id='word_1_97' title='bbox 382 1170 559 1230; x_wconf 88' lang='lat' dir='ltr'>fuisse,</span> <span class='ocrx_word' id='word_1_98' title='bbox 602 1169 879 1220; x_wconf 89' lang='lat' dir='ltr'>Ferdulfus</span> <span class='ocrx_word' id='word_1_99' title='bbox 920 1173 1169 1222; x_wconf 88' lang='lat' dir='ltr'>ducatum</span> <span class='ocrx_word' id='word_1_100' title='bbox 1227 1177 1472 1239; x_wconf 89' lang='lat' dir='ltr'><strong>suscepit,</strong></span> <span class='ocrx_word' id='word_1_101' title='bbox 1525 1176 1615 1241; x_wconf 90' lang='lat' dir='ltr'>qui</span> <span class='ocrx_word' id='word_1_102' title='bbox 1671 1174 1736 1222; x_wconf 90' lang='lat' dir='ltr'>de</span> <span class='ocrx_word' id='word_1_103' title='bbox 1790 1173 2022 1239; x_wconf 91' lang='lat' dir='ltr'>partibus</span> <span class='ocrx_word' id='word_1_104' title='bbox 2078 1171 2319 1238; x_wconf 89' lang='lat' dir='ltr'>Liguriae</span> <span class='ocrx_word' id='word_1_105' title='bbox 2362 1176 2538 1240; x_wconf 86' lang='lat' dir='ltr'>extitit,</span> 
     </span>
     <span class='ocr_line' id='line_1_11' title="bbox 225 1259 2537 1328; baseline 0 -18"><span class='ocrx_word' id='word_1_106' title='bbox 225 1260 392 1311; x_wconf 89' lang='lat' dir='ltr'>homo</span> <span class='ocrx_word' id='word_1_107' title='bbox 434 1259 667 1309; x_wconf 87' lang='lat' dir='ltr'>lubricus</span> <span class='ocrx_word' id='word_1_108' title='bbox 708 1270 758 1308; x_wconf 89' lang='lat' dir='ltr'>et</span> <span class='ocrx_word' id='word_1_109' title='bbox 784 1260 968 1311; x_wconf 86' lang='lat' dir='ltr'>elatus.</span> <span class='ocrx_word' id='word_1_110' title='bbox 1014 1261 1121 1321; x_wconf 92' lang='lat' dir='ltr'>Qui</span> <span class='ocrx_word' id='word_1_111' title='bbox 1151 1262 1280 1311; x_wconf 89' lang='lat' dir='ltr'>dum</span> <span class='ocrx_word' id='word_1_112' title='bbox 1308 1264 1554 1312; x_wconf 79' lang='lat' dir='ltr'>victoriae</span> <span class='ocrx_word' id='word_1_113' title='bbox 1580 1262 1792 1311; x_wconf 87' lang='lat' dir='ltr'>laudem</span> <span class='ocrx_word' id='word_1_114' title='bbox 1819 1261 1884 1310; x_wconf 91' lang='lat' dir='ltr'>de</span> <span class='ocrx_word' id='word_1_115' title='bbox 1910 1260 2105 1311; x_wconf 86' lang='lat' dir='ltr'>Sclavis</span> <span class='ocrx_word' id='word_1_116' title='bbox 2131 1259 2322 1310; x_wconf 89' lang='lat' dir='ltr'>habere</span> <span class='ocrx_word' id='word_1_117' title='bbox 2358 1264 2537 1328; x_wconf 90' lang='lat' dir='ltr'>cupiit,</span> 
     </span>
     <span class='ocr_line' id='line_1_12' title="bbox 227 1348 2537 1417; baseline 0 -18"><span class='ocrx_word' id='word_1_118' title='bbox 227 1365 419 1416; x_wconf 85' lang='lat' dir='ltr'>magna</span> <span class='ocrx_word' id='word_1_119' title='bbox 458 1350 556 1398; x_wconf 89' lang='lat' dir='ltr'>sibi</span> <span class='ocrx_word' id='word_1_120' title='bbox 598 1359 647 1398; x_wconf 89' lang='lat' dir='ltr'>et</span> <span class='ocrx_word' id='word_1_121' title='bbox 676 1348 1008 1399; x_wconf 88' lang='lat' dir='ltr'>Foroiulanis</span> <span class='ocrx_word' id='word_1_122' title='bbox 1035 1351 1345 1401; x_wconf 87' lang='lat' dir='ltr'>detrimenta</span> <span class='ocrx_word' id='word_1_123' title='bbox 1371 1353 1576 1403; x_wconf 86' lang='lat' dir='ltr'>invexit.</span> <span class='ocrx_word' id='word_1_124' title='bbox 1619 1351 1714 1400; x_wconf 89' lang='lat' dir='ltr'>His</span> <span class='ocrx_word' id='word_1_125' title='bbox 1739 1352 1969 1417; x_wconf 87' lang='lat' dir='ltr'>praemia</span> <span class='ocrx_word' id='word_1_126' title='bbox 1998 1349 2316 1416; x_wconf 89' lang='lat' dir='ltr'>quibusdam</span> <span class='ocrx_word' id='word_1_127' title='bbox 2343 1349 2537 1400; x_wconf 90' lang='lat' dir='ltr'>Sclavis</span> 
     </span>
     <span class='ocr_line' id='line_1_13' title="bbox 225 1437 2539 1507; baseline 0 -19"><span class='ocrx_word' id='word_1_128' title='bbox 225 1439 383 1507; x_wconf 81' lang='lat' dir='ltr'>dedit,</span> <span class='ocrx_word' id='word_1_129' title='bbox 423 1449 482 1488; x_wconf 92' lang='lat' dir='ltr'>ut</span> <span class='ocrx_word' id='word_1_130' title='bbox 523 1440 807 1488; x_wconf 86' lang='lat' dir='ltr'>exercitum</span> <span class='ocrx_word' id='word_1_131' title='bbox 850 1438 1157 1489; x_wconf 88' lang='lat' dir='ltr'>Sclavorum</span> <span class='ocrx_word' id='word_1_132' title='bbox 1201 1442 1252 1488; x_wconf 94' lang='lat' dir='ltr'>in</span> <span class='ocrx_word' id='word_1_133' title='bbox 1293 1441 1473 1489; x_wconf 88' lang='lat' dir='ltr'>eadem</span> <span class='ocrx_word' id='word_1_134' title='bbox 1502 1442 1826 1506; x_wconf 88' lang='lat' dir='ltr'>provinciam</span> <span class='ocrx_word' id='word_1_135' title='bbox 1855 1455 1949 1488; x_wconf 91' lang='lat' dir='ltr'>sua</span> <span class='ocrx_word' id='word_1_136' title='bbox 1975 1437 2338 1488; x_wconf 85' lang='lat' dir='ltr'>adhortatione</span> <span class='ocrx_word' id='word_1_137' title='bbox 2364 1441 2539 1489; x_wconf 89' lang='lat' dir='ltr'>inmit-</span> 
     </span>
     <span class='ocr_line' id='line_1_14' title="bbox 225 1520 2538 1595; baseline 0 -18"><span class='ocrx_word' id='word_1_138' title='bbox 225 1538 404 1580; x_wconf 89' lang='lat' dir='ltr'>terent.</span> <span class='ocrx_word' id='word_1_139' title='bbox 451 1525 615 1588; x_wconf 92' lang='lat' dir='ltr'>Quod</span> <span class='ocrx_word' id='word_1_140' title='bbox 656 1529 725 1577; x_wconf 91' lang='lat' dir='ltr'>ita</span> <span class='ocrx_word' id='word_1_141' title='bbox 766 1520 982 1595; x_wconf 89' lang='lat' dir='ltr'>quoque</span> <span class='ocrx_word' id='word_1_142' title='bbox 1025 1526 1267 1578; x_wconf 85' lang='lat' dir='ltr'>effectum</span> <span class='ocrx_word' id='word_1_143' title='bbox 1310 1540 1400 1581; x_wconf 90' lang='lat' dir='ltr'>est.</span> <span class='ocrx_word' id='word_1_144' title='bbox 1441 1527 1617 1578; x_wconf 86' lang='lat' dir='ltr'>Causa</span> <span class='ocrx_word' id='word_1_145' title='bbox 1657 1538 1834 1578; x_wconf 89' lang='lat' dir='ltr'>autem</span> <span class='ocrx_word' id='word_1_146' title='bbox 1874 1544 2094 1595; x_wconf 88' lang='lat' dir='ltr'>magnae</span> <span class='ocrx_word' id='word_1_147' title='bbox 2134 1530 2184 1576; x_wconf 93' lang='lat' dir='ltr'>in</span> <span class='ocrx_word' id='word_1_148' title='bbox 2228 1528 2413 1577; x_wconf 81' lang='lat' dir='ltr'>eadem</span> <span class='ocrx_word' id='word_1_149' title='bbox 2437 1528 2538 1578; x_wconf 91' lang='lat' dir='ltr'>Fo-</span> 
     </span>
     <span class='ocr_line' id='line_1_15' title="bbox 226 1615 2541 1683; baseline 0 -17"><span class='ocrx_word' id='word_1_150' title='bbox 226 1616 466 1666; x_wconf 90' lang='lat' dir='ltr'>roiulana</span> <span class='ocrx_word' id='word_1_151' title='bbox 506 1617 775 1682; x_wconf 79' lang='lat' dir='ltr'>provincia</span> <span class='ocrx_word' id='word_1_152' title='bbox 816 1617 1122 1682; x_wconf 88' lang='lat' dir='ltr'>perditionis</span> <span class='ocrx_word' id='word_1_153' title='bbox 1163 1620 1257 1667; x_wconf 93' lang='lat' dir='ltr'>ista</span> <span class='ocrx_word' id='word_1_154' title='bbox 1287 1616 1398 1670; x_wconf 85' lang='lat' dir='ltr'>fuit.</span> <span class='ocrx_word' id='word_1_155' title='bbox 1439 1617 1718 1667; x_wconf 91' lang='lat' dir='ltr'>Inruerunt</span> <span class='ocrx_word' id='word_1_156' title='bbox 1743 1618 2021 1667; x_wconf 90' lang='lat' dir='ltr'>latrunculi</span> <span class='ocrx_word' id='word_1_157' title='bbox 2047 1615 2357 1667; x_wconf 87' lang='lat' dir='ltr'>Sclavorum</span> <span class='ocrx_word' id='word_1_158' title='bbox 2381 1633 2541 1683; x_wconf 90' lang='lat' dir='ltr'>super</span> 
     </span>
     <span class='ocr_line' id='line_1_16' title="bbox 229 1706 2540 1774; baseline 0 -20"><span class='ocrx_word' id='word_1_159' title='bbox 229 1720 410 1772; x_wconf 84' lang='lat' dir='ltr'>greges</span> <span class='ocrx_word' id='word_1_160' title='bbox 464 1715 514 1754; x_wconf 92' lang='lat' dir='ltr'>et</span> <span class='ocrx_word' id='word_1_161' title='bbox 569 1715 803 1770; x_wconf 90' lang='lat' dir='ltr'>pastores</span> <span class='ocrx_word' id='word_1_162' title='bbox 859 1707 1056 1766; x_wconf 86' lang='lat' dir='ltr'>ovium,</span> <span class='ocrx_word' id='word_1_163' title='bbox 1113 1723 1247 1774; x_wconf 92' lang='lat' dir='ltr'>quae</span> <span class='ocrx_word' id='word_1_164' title='bbox 1301 1709 1354 1755; x_wconf 90' lang='lat' dir='ltr'>in</span> <span class='ocrx_word' id='word_1_165' title='bbox 1406 1722 1594 1756; x_wconf 90' lang='lat' dir='ltr'>eorum</span> <span class='ocrx_word' id='word_1_166' title='bbox 1632 1708 1819 1756; x_wconf 81' lang='lat' dir='ltr'>vicinia</span> <span class='ocrx_word' id='word_1_167' title='bbox 1870 1706 2231 1772; x_wconf 88' lang='lat' dir='ltr'>pascebantur,</span> <span class='ocrx_word' id='word_1_168' title='bbox 2275 1716 2324 1755; x_wconf 92' lang='lat' dir='ltr'>et</span> <span class='ocrx_word' id='word_1_169' title='bbox 2363 1707 2426 1756; x_wconf 92' lang='lat' dir='ltr'>de</span> <span class='ocrx_word' id='word_1_170' title='bbox 2468 1710 2540 1756; x_wconf 90' lang='lat' dir='ltr'>eis</span> 
     </span>
     <span class='ocr_line' id='line_1_17' title="bbox 229 1782 2535 1864; baseline 0 -21"><span class='ocrx_word' id='word_1_171' title='bbox 229 1796 448 1861; x_wconf 90' lang='lat' dir='ltr'>praedas</span> <span class='ocrx_word' id='word_1_172' title='bbox 477 1782 778 1859; x_wconf 53' lang='lat' dir='ltr'>&#39;abiget-unt.</span> <span class='ocrx_word' id='word_1_173' title='bbox 818 1793 1140 1844; x_wconf 90' lang='lat' dir='ltr'>Subsecutus</span> <span class='ocrx_word' id='word_1_174' title='bbox 1182 1805 1258 1845; x_wconf 91' lang='lat' dir='ltr'>est</span> <span class='ocrx_word' id='word_1_175' title='bbox 1295 1794 1394 1844; x_wconf 92' lang='lat' dir='ltr'>hos</span> <span class='ocrx_word' id='word_1_176' title='bbox 1435 1806 1604 1845; x_wconf 88' lang='lat' dir='ltr'>rector</span> <span class='ocrx_word' id='word_1_177' title='bbox 1641 1795 1745 1845; x_wconf 91' lang='lat' dir='ltr'>loci</span> <span class='ocrx_word' id='word_1_178' title='bbox 1796 1795 1948 1854; x_wconf 85' lang='lat' dir='ltr'>illius,</span> <span class='ocrx_word' id='word_1_179' title='bbox 2004 1791 2166 1863; x_wconf 88' lang='lat' dir='ltr'>quem</span> <span class='ocrx_word' id='word_1_180' title='bbox 2210 1792 2535 1864; x_wconf 84' lang='lat' dir='ltr'>„sculdahis“</span> 
     </span>
     <span class='ocr_line' id='line_1_18' title="bbox 232 1882 2540 1952; baseline 0 -20"><span class='ocrx_word' id='word_1_181' title='bbox 232 1883 413 1950; x_wconf 88' lang='lat' dir='ltr'>lingua</span> <span class='ocrx_word' id='word_1_182' title='bbox 452 1885 666 1949; x_wconf 91' lang='lat' dir='ltr'>propria</span> <span class='ocrx_word' id='word_1_183' title='bbox 705 1882 903 1952; x_wconf 79' lang='lat' dir='ltr'>dicunt,</span> <span class='ocrx_word' id='word_1_184' title='bbox 942 1886 1018 1933; x_wconf 83' lang='lat' dir='ltr'>vir</span> <span class='ocrx_word' id='word_1_185' title='bbox 1057 1884 1248 1933; x_wconf 89' lang='lat' dir='ltr'>nobilis</span> <span class='ocrx_word' id='word_1_186' title='bbox 1290 1885 1578 1951; x_wconf 85' lang='lat' dir='ltr'>animoque</span> <span class='ocrx_word' id='word_1_187' title='bbox 1619 1894 1669 1933; x_wconf 91' lang='lat' dir='ltr'>et</span> <span class='ocrx_word' id='word_1_188' title='bbox 1707 1884 1903 1934; x_wconf 84' lang='lat' dir='ltr'>viribus</span> <span class='ocrx_word' id='word_1_189' title='bbox 1957 1894 2170 1950; x_wconf 89' lang='lat' dir='ltr'>potens;</span> <span class='ocrx_word' id='word_1_190' title='bbox 2225 1885 2318 1934; x_wconf 89' lang='lat' dir='ltr'>sed</span> <span class='ocrx_word' id='word_1_191' title='bbox 2363 1895 2540 1934; x_wconf 89' lang='lat' dir='ltr'>tamen</span> 
     </span>
    </p>
   </div>
   <div class='ocr_carea' id='block_1_5' title="bbox 228 1969 2749 2042">
    <p class='ocr_par' dir='ltr' id='par_1_5' title="bbox 228 1969 2749 2042">
     <span class='ocr_line' id='line_1_19' title="bbox 228 1969 2749 2042; baseline 0.002 -22"><span class='ocrx_word' id='word_1_192' title='bbox 228 1971 447 2021; x_wconf 90' lang='lat' dir='ltr'>eosdem</span> <span class='ocrx_word' id='word_1_193' title='bbox 486 1971 813 2021; x_wconf 91' lang='lat' dir='ltr'>latrunculos</span> <span class='ocrx_word' id='word_1_194' title='bbox 840 1969 855 2042; x_wconf 77' lang='grc' dir='ltr'>ἰ]</span> <span class='ocrx_word' id='word_1_195' title='bbox 875 1972 1089 2040; x_wconf 92' lang='lat' dir='ltr'>adsequi</span> <span class='ocrx_word' id='word_1_196' title='bbox 1118 1990 1225 2022; x_wconf 91' lang='lat' dir='ltr'>non</span> <span class='ocrx_word' id='word_1_197' title='bbox 1253 1975 1439 2039; x_wconf 87' lang='lat' dir='ltr'>potuit.</span> <span class='ocrx_word' id='word_1_198' title='bbox 1483 1970 1585 2022; x_wconf 90' lang='lat' dir='ltr'>Cui</span> <span class='ocrx_word' id='word_1_199' title='bbox 1611 1973 1795 2022; x_wconf 84' lang='lat' dir='ltr'>exinde</span> <span class='ocrx_word' id='word_1_200' title='bbox 1821 1976 2096 2023; x_wconf 79' lang='lat' dir='ltr'>revertenti</span> <span class='ocrx_word' id='word_1_201' title='bbox 2128 1973 2236 2023; x_wconf 87' lang='lat' dir='ltr'>dux</span> <span class='ocrx_word' id='word_1_202' title='bbox 2260 1973 2301 2023; x_wconf 93' lang='lat' dir='ltr'>F</span> <span class='ocrx_word' id='word_1_203' title='bbox 2305 1973 2538 2024; x_wconf 90' lang='lat' dir='ltr'>erdulfus</span> <span class='ocrx_word' id='word_1_204' title='bbox 2570 1990 2615 2035; x_wconf 89' lang='lat' dir='ltr'>p.</span> <span class='ocrx_word' id='word_1_205' title='bbox 2646 1981 2749 2026; x_wconf 89' lang='grc'><strong>173.</strong></span> 
     </span>
    </p>
   </div>
   <div class='ocr_carea' id='block_1_6' title="bbox 228 2058 2549 3904">
    <p class='ocr_par' dir='ltr' id='par_1_6' title="bbox 228 2058 2549 3904">
     <span class='ocr_line' id='line_1_20' title="bbox 233 2058 2542 2129; baseline 0.001 -19"><span class='ocrx_word' id='word_1_206' title='bbox 233 2060 445 2110; x_wconf 83' lang='lat' dir='ltr'>obviam</span> <span class='ocrx_word' id='word_1_207' title='bbox 489 2058 656 2110; x_wconf 89' lang='lat' dir='ltr'>factus</span> <span class='ocrx_word' id='word_1_208' title='bbox 698 2071 789 2113; x_wconf 89' lang='lat' dir='ltr'>est.</span> <span class='ocrx_word' id='word_1_209' title='bbox 830 2059 1007 2121; x_wconf 90' lang='lat' dir='ltr'>Quem</span> <span class='ocrx_word' id='word_1_210' title='bbox 1048 2062 1177 2110; x_wconf 89' lang='lat' dir='ltr'>dum</span> <span class='ocrx_word' id='word_1_211' title='bbox 1219 2064 1571 2128; x_wconf 89' lang='lat' dir='ltr'>interrogaret,</span> <span class='ocrx_word' id='word_1_212' title='bbox 1614 2062 1742 2129; x_wconf 90' lang='lat' dir='ltr'>quid</span> <span class='ocrx_word' id='word_1_213' title='bbox 1782 2063 1845 2111; x_wconf 93' lang='lat' dir='ltr'>de</span> <span class='ocrx_word' id='word_1_214' title='bbox 1887 2062 1985 2112; x_wconf 92' lang='lat' dir='ltr'>illis</span> <span class='ocrx_word' id='word_1_215' title='bbox 2011 2063 2316 2113; x_wconf 85' lang='lat' dir='ltr'>latrunculis</span> <span class='ocrx_word' id='word_1_216' title='bbox 2345 2062 2542 2113; x_wconf 89' lang='lat' dir='ltr'>factum</span> 
     </span>
     <span class='ocr_line' id='line_1_21' title="bbox 230 2149 2540 2221; baseline 0.002 -23"><span class='ocrx_word' id='word_1_217' title='bbox 230 2158 378 2209; x_wconf 86' lang='lat' dir='ltr'>esset,</span> <span class='ocrx_word' id='word_1_218' title='bbox 418 2151 599 2216; x_wconf 88' lang='lat' dir='ltr'>Argait</span> <span class='ocrx_word' id='word_1_219' title='bbox 639 2152 684 2198; x_wconf 92' lang='lat' dir='ltr'>ei</span> <span class='ocrx_word' id='word_1_220' title='bbox 725 2179 795 2186; x_wconf 92' lang='lat'>—-</span> <span class='ocrx_word' id='word_1_221' title='bbox 837 2152 909 2199; x_wconf 92' lang='lat' dir='ltr'>sic</span> <span class='ocrx_word' id='word_1_222' title='bbox 951 2152 1089 2199; x_wconf 90' lang='lat' dir='ltr'>enim</span> <span class='ocrx_word' id='word_1_223' title='bbox 1132 2167 1331 2199; x_wconf 88' lang='lat' dir='ltr'>nomen</span> <span class='ocrx_word' id='word_1_224' title='bbox 1371 2149 1596 2201; x_wconf 92' lang='lat' dir='ltr'>habebat</span> <span class='ocrx_word' id='word_1_225' title='bbox 1619 2180 1706 2210; x_wconf 91' lang='lat'>—,</span> <span class='ocrx_word' id='word_1_226' title='bbox 1750 2151 1966 2200; x_wconf 86' lang='lat' dir='ltr'>eosdem</span> <span class='ocrx_word' id='word_1_227' title='bbox 2006 2149 2216 2221; x_wconf 84' lang='lat' dir='ltr'>fugisse,</span> <span class='ocrx_word' id='word_1_228' title='bbox 2255 2154 2540 2218; x_wconf 91' lang='lat' dir='ltr'>respondit.</span> 
     </span>
     <span class='ocr_line' id='line_1_22' title="bbox 230 2237 2544 2309; baseline 0.002 -22"><span class='ocrx_word' id='word_1_229' title='bbox 230 2237 389 2288; x_wconf 91' lang='lat' dir='ltr'>Tunc</span> <span class='ocrx_word' id='word_1_230' title='bbox 430 2241 475 2287; x_wconf 87' lang='lat' dir='ltr'>ei</span> <span class='ocrx_word' id='word_1_231' title='bbox 517 2237 797 2288; x_wconf 89' lang='lat' dir='ltr'>Ferdulfus</span> <span class='ocrx_word' id='word_1_232' title='bbox 839 2239 1115 2305; x_wconf 88' lang='lat' dir='ltr'>indignans</span> <span class='ocrx_word' id='word_1_233' title='bbox 1169 2241 1236 2288; x_wconf 90' lang='lat' dir='ltr'>ita</span> <span class='ocrx_word' id='word_1_234' title='bbox 1288 2240 1497 2289; x_wconf 91' lang='lat' dir='ltr'>locutus</span> <span class='ocrx_word' id='word_1_235' title='bbox 1537 2250 1644 2292; x_wconf 88' lang='lat' dir='ltr'>est:</span> <span class='ocrx_word' id='word_1_236' title='bbox 1701 2238 1966 2309; x_wconf 88' lang='lat' dir='ltr'>„Quando</span> <span class='ocrx_word' id='word_1_237' title='bbox 2007 2251 2065 2290; x_wconf 88' lang='lat' dir='ltr'>tu</span> <span class='ocrx_word' id='word_1_238' title='bbox 2107 2241 2305 2308; x_wconf 88' lang='lat' dir='ltr'>aliquid</span> <span class='ocrx_word' id='word_1_239' title='bbox 2346 2239 2544 2291; x_wconf 90' lang='lat' dir='ltr'>fortiter</span> 
     </span>
     <span class='ocr_line' id='line_1_23' title="bbox 228 2326 2543 2396; baseline 0.001 -20"><span class='ocrx_word' id='word_1_240' title='bbox 228 2326 396 2377; x_wconf 87' lang='lat' dir='ltr'>facere</span> <span class='ocrx_word' id='word_1_241' title='bbox 435 2337 661 2396; x_wconf 83' lang='lat' dir='ltr'>poteras⁷</span> <span class='ocrx_word' id='word_1_242' title='bbox 701 2330 793 2395; x_wconf 88' lang='lat' dir='ltr'>qui</span> <span class='ocrx_word' id='word_1_243' title='bbox 834 2330 1014 2395; x_wconf 88' lang='lat' dir='ltr'>Argait</span> <span class='ocrx_word' id='word_1_244' title='bbox 1053 2328 1116 2377; x_wconf 94' lang='lat' dir='ltr'>ab</span> <span class='ocrx_word' id='word_1_245' title='bbox 1158 2343 1277 2394; x_wconf 89' lang='lat' dir='ltr'>arga</span> <span class='ocrx_word' id='word_1_246' title='bbox 1319 2345 1515 2377; x_wconf 88' lang='lat' dir='ltr'>nornen</span> <span class='ocrx_word' id='word_1_247' title='bbox 1557 2329 1843 2378; x_wconf 88' lang='lat' dir='ltr'>deductum</span> <span class='ocrx_word' id='word_1_248' title='bbox 1882 2326 2109 2379; x_wconf 83' lang='lat' dir='ltr'>habes?“</span> <span class='ocrx_word' id='word_1_249' title='bbox 2155 2327 2256 2379; x_wconf 91' lang='lat' dir='ltr'>Cui</span> <span class='ocrx_word' id='word_1_250' title='bbox 2303 2330 2387 2379; x_wconf 91' lang='lat' dir='ltr'>ille</span> <span class='ocrx_word' id='word_1_251' title='bbox 2428 2347 2543 2380; x_wconf 91' lang='lat' dir='ltr'>ma-</span> 
     </span>
     <span class='ocr_line' id='line_1_24' title="bbox 230 2415 2544 2488; baseline 0.001 -22"><span class='ocrx_word' id='word_1_252' title='bbox 230 2418 371 2466; x_wconf 85' lang='lat' dir='ltr'>xima</span> <span class='ocrx_word' id='word_1_253' title='bbox 412 2417 712 2466; x_wconf 89' lang='lat' dir='ltr'>stimulatus</span> <span class='ocrx_word' id='word_1_254' title='bbox 752 2419 841 2475; x_wconf 92' lang='lat' dir='ltr'>ira,</span> <span class='ocrx_word' id='word_1_255' title='bbox 885 2427 943 2466; x_wconf 92' lang='lat' dir='ltr'>ut</span> <span class='ocrx_word' id='word_1_256' title='bbox 984 2427 1090 2466; x_wconf 92' lang='lat' dir='ltr'>erat</span> <span class='ocrx_word' id='word_1_257' title='bbox 1128 2419 1205 2466; x_wconf 89' lang='lat' dir='ltr'>vir</span> <span class='ocrx_word' id='word_1_258' title='bbox 1245 2415 1408 2476; x_wconf 78' lang='lat' dir='ltr'>fortiS,</span> <span class='ocrx_word' id='word_1_259' title='bbox 1466 2419 1534 2466; x_wconf 88' lang='lat' dir='ltr'>ita</span> <span class='ocrx_word' id='word_1_260' title='bbox 1586 2417 1886 2483; x_wconf 89' lang='lat' dir='ltr'>respondit:</span> <span class='ocrx_word' id='word_1_261' title='bbox 1948 2416 2066 2488; x_wconf 82' lang='lat' dir='ltr'>„Sic</span> <span class='ocrx_word' id='word_1_262' title='bbox 2104 2419 2248 2468; x_wconf 85' lang='lat' dir='ltr'>vellit</span> <span class='ocrx_word' id='word_1_263' title='bbox 2286 2418 2444 2480; x_wconf 87' lang='lat' dir='ltr'>Deus,</span> <span class='ocrx_word' id='word_1_264' title='bbox 2485 2429 2544 2469; x_wconf 90' lang='lat' dir='ltr'>ut</span> 
     </span>
     <span class='ocr_line' id='line_1_25' title="bbox 232 2503 2543 2575; baseline 0.001 -21"><span class='ocrx_word' id='word_1_265' title='bbox 232 2521 342 2555; x_wconf 91' lang='lat' dir='ltr'>non</span> <span class='ocrx_word' id='word_1_266' title='bbox 383 2515 534 2555; x_wconf 91' lang='lat' dir='ltr'>antea</span> <span class='ocrx_word' id='word_1_267' title='bbox 575 2521 672 2572; x_wconf 91' lang='lat' dir='ltr'>ego</span> <span class='ocrx_word' id='word_1_268' title='bbox 715 2515 766 2555; x_wconf 88' lang='lat' dir='ltr'>et</span> <span class='ocrx_word' id='word_1_269' title='bbox 804 2515 878 2570; x_wconf 90' lang='lat' dir='ltr'>tu,</span> <span class='ocrx_word' id='word_1_270' title='bbox 921 2505 1027 2555; x_wconf 86' lang='lat' dir='ltr'>dux</span> <span class='ocrx_word' id='word_1_271' title='bbox 1067 2504 1329 2574; x_wconf 78' lang='lat' dir='ltr'>Ferdulfe,</span> <span class='ocrx_word' id='word_1_272' title='bbox 1374 2522 1622 2555; x_wconf 84' lang='lat' dir='ltr'>exeamus</span> <span class='ocrx_word' id='word_1_273' title='bbox 1663 2505 1726 2554; x_wconf 95' lang='lat' dir='ltr'>de</span> <span class='ocrx_word' id='word_1_274' title='bbox 1766 2503 1862 2556; x_wconf 89' lang='lat' dir='ltr'>hac</span> <span class='ocrx_word' id='word_1_275' title='bbox 1888 2507 2008 2575; x_wconf 85' lang='lat' dir='ltr'>vita,</span> <span class='ocrx_word' id='word_1_276' title='bbox 2033 2523 2195 2574; x_wconf 87' lang='lat' dir='ltr'>quam</span> <span class='ocrx_word' id='word_1_277' title='bbox 2221 2517 2543 2573; x_wconf 90' lang='lat' dir='ltr'>cognoscant</span> 
     </span>
     <span class='ocr_line' id='line_1_26' title="bbox 230 2590 2544 2663; baseline 0.001 -20"><span class='ocrx_word' id='word_1_278' title='bbox 230 2594 331 2653; x_wconf 89' lang='lat' dir='ltr'>alii,</span> <span class='ocrx_word' id='word_1_279' title='bbox 392 2596 510 2662; x_wconf 91' lang='lat' dir='ltr'>quis</span> <span class='ocrx_word' id='word_1_280' title='bbox 553 2610 613 2643; x_wconf 88' lang='lat' dir='ltr'>ex</span> <span class='ocrx_word' id='word_1_281' title='bbox 654 2594 808 2643; x_wconf 89' lang='lat' dir='ltr'>nobis</span> <span class='ocrx_word' id='word_1_282' title='bbox 850 2596 1017 2660; x_wconf 88' lang='lat' dir='ltr'>magis</span> <span class='ocrx_word' id='word_1_283' title='bbox 1058 2604 1134 2643; x_wconf 90' lang='lat' dir='ltr'>est</span> <span class='ocrx_word' id='word_1_284' title='bbox 1173 2590 1340 2660; x_wconf 84' lang='lat' dir='ltr'>arga.“</span> <span class='ocrx_word' id='word_1_285' title='bbox 1383 2593 1530 2644; x_wconf 91' lang='lat' dir='ltr'>Haec</span> <span class='ocrx_word' id='word_1_286' title='bbox 1572 2609 1694 2643; x_wconf 89' lang='lat' dir='ltr'>cum</span> <span class='ocrx_word' id='word_1_287' title='bbox 1734 2593 1831 2644; x_wconf 90' lang='lat' dir='ltr'>sibi</span> <span class='ocrx_word' id='word_1_288' title='bbox 1871 2596 2095 2644; x_wconf 88' lang='lat' dir='ltr'>invicem</span> <span class='ocrx_word' id='word_1_289' title='bbox 2127 2595 2360 2663; x_wconf 82' lang='lat' dir='ltr'>vulgaria</span> <span class='ocrx_word' id='word_1_290' title='bbox 2387 2596 2544 2646; x_wconf 87' lang='lat' dir='ltr'>verba</span> 
     </span>
     <span class='ocr_line' id='line_1_27' title="bbox 234 2666 2542 2751; baseline 0.001 -19"><span class='ocrx_word' id='word_1_291' title='bbox 234 2683 398 2733; x_wconf 91' lang='lat' dir='ltr'>locuti</span> <span class='ocrx_word' id='word_1_292' title='bbox 440 2681 676 2751; x_wconf 85' lang='lat' dir='ltr'>fuissent,</span> <span class='ocrx_word' id='word_1_293' title='bbox 717 2685 935 2749; x_wconf 89' lang='lat' dir='ltr'>contigit</span> <span class='ocrx_word' id='word_1_294' title='bbox 973 2699 1081 2732; x_wconf 89' lang='lat' dir='ltr'>non</span> <span class='ocrx_word' id='word_1_295' title='bbox 1122 2693 1244 2748; x_wconf 90' lang='lat' dir='ltr'>post</span> <span class='ocrx_word' id='word_1_296' title='bbox 1284 2683 1480 2732; x_wconf 88' lang='lat' dir='ltr'>multos</span> <span class='ocrx_word' id='word_1_297' title='bbox 1521 2683 1645 2746; x_wconf 80' lang='lat' dir='ltr'>dieS‚</span> <span class='ocrx_word' id='word_1_298' title='bbox 1689 2693 1748 2732; x_wconf 92' lang='lat' dir='ltr'>ut</span> <span class='ocrx_word' id='word_1_299' title='bbox 1787 2685 2038 2733; x_wconf 84' lang='lat' dir='ltr'>exercitus</span> <span class='ocrx_word' id='word_1_300' title='bbox 2078 2666 2404 2750; x_wconf 82' lang='lat' dir='ltr'>Sclavorum‚</span> <span class='ocrx_word' id='word_1_301' title='bbox 2445 2699 2542 2751; x_wconf 93' lang='lat' dir='ltr'>pro</span> 
     </span>
     <span class='ocr_line' id='line_1_28' title="bbox 235 2770 2545 2840; baseline 0 -19"><span class='ocrx_word' id='word_1_302' title='bbox 235 2787 467 2839; x_wconf 89' lang='lat' dir='ltr'>quorum</span> <span class='ocrx_word' id='word_1_303' title='bbox 510 2772 738 2822; x_wconf 78' lang='lat' dir='ltr'>adventu</span> <span class='ocrx_word' id='word_1_304' title='bbox 780 2772 886 2821; x_wconf 84' lang='lat' dir='ltr'>dux</span> <span class='ocrx_word' id='word_1_305' title='bbox 926 2770 1205 2821; x_wconf 91' lang='lat' dir='ltr'>Ferdulfus</span> <span class='ocrx_word' id='word_1_306' title='bbox 1246 2772 1477 2837; x_wconf 88' lang='lat' dir='ltr'>praemia</span> <span class='ocrx_word' id='word_1_307' title='bbox 1533 2771 1760 2836; x_wconf 90' lang='lat' dir='ltr'>dederat,</span> <span class='ocrx_word' id='word_1_308' title='bbox 1817 2788 1939 2821; x_wconf 88' lang='lat' dir='ltr'>cum</span> <span class='ocrx_word' id='word_1_309' title='bbox 1980 2774 2184 2840; x_wconf 87' lang='lat' dir='ltr'>magnis</span> <span class='ocrx_word' id='word_1_310' title='bbox 2224 2774 2420 2831; x_wconf 77' lang='lat' dir='ltr'>viribus</span> <span class='ocrx_word' id='word_1_311' title='bbox 2460 2773 2545 2822; x_wconf 93' lang='lat' dir='ltr'>ad-</span> 
     </span>
     <span class='ocr_line' id='line_1_29' title="bbox 237 2858 2547 2927; baseline 0 -17"><span class='ocrx_word' id='word_1_312' title='bbox 237 2870 493 2911; x_wconf 77' lang='lat' dir='ltr'>ventaret.</span> <span class='ocrx_word' id='word_1_313' title='bbox 537 2858 644 2920; x_wconf 92' lang='lat' dir='ltr'>Qui</span> <span class='ocrx_word' id='word_1_314' title='bbox 686 2876 803 2910; x_wconf 89' lang='lat' dir='ltr'>cum</span> <span class='ocrx_word' id='word_1_315' title='bbox 849 2870 1011 2909; x_wconf 90' lang='lat' dir='ltr'>castra</span> <span class='ocrx_word' id='word_1_316' title='bbox 1053 2862 1104 2908; x_wconf 91' lang='lat' dir='ltr'>in</span> <span class='ocrx_word' id='word_1_317' title='bbox 1145 2876 1357 2909; x_wconf 88' lang='lat' dir='ltr'>summo</span> <span class='ocrx_word' id='word_1_318' title='bbox 1399 2862 1595 2909; x_wconf 83' lang='lat' dir='ltr'>montis</span> <span class='ocrx_word' id='word_1_319' title='bbox 1635 2862 1824 2910; x_wconf 83' lang='lat' dir='ltr'>vertice</span> <span class='ocrx_word' id='word_1_320' title='bbox 1862 2862 2179 2927; x_wconf 89' lang='lat' dir='ltr'>posuissent,</span> <span class='ocrx_word' id='word_1_321' title='bbox 2222 2871 2272 2911; x_wconf 87' lang='lat' dir='ltr'>et</span> <span class='ocrx_word' id='word_1_322' title='bbox 2312 2878 2444 2927; x_wconf 90' lang='lat' dir='ltr'>pene</span> <span class='ocrx_word' id='word_1_323' title='bbox 2485 2878 2547 2911; x_wconf 91' lang='lat' dir='ltr'>ex</span> 
     </span>
     <span class='ocr_line' id='line_1_30' title="bbox 235 2947 2546 3017; baseline 0.001 -19"><span class='ocrx_word' id='word_1_324' title='bbox 235 2950 382 2998; x_wconf 88' lang='lat' dir='ltr'>omni</span> <span class='ocrx_word' id='word_1_325' title='bbox 423 2958 570 3014; x_wconf 90' lang='lat' dir='ltr'>parte</span> <span class='ocrx_word' id='word_1_326' title='bbox 610 2947 817 2998; x_wconf 87' lang='lat' dir='ltr'>difficile</span> <span class='ocrx_word' id='word_1_327' title='bbox 859 2958 993 2998; x_wconf 89' lang='lat' dir='ltr'>esset</span> <span class='ocrx_word' id='word_1_328' title='bbox 1031 2949 1096 2998; x_wconf 93' lang='lat' dir='ltr'>ad</span> <span class='ocrx_word' id='word_1_329' title='bbox 1138 2964 1227 2998; x_wconf 92' lang='lat' dir='ltr'>eos</span> <span class='ocrx_word' id='word_1_330' title='bbox 1269 2948 1526 3017; x_wconf 86' lang='lat' dir='ltr'>accedere,</span> <span class='ocrx_word' id='word_1_331' title='bbox 1566 2947 1844 2999; x_wconf 86' lang='lat' dir='ltr'>Ferdulfus</span> <span class='ocrx_word' id='word_1_332' title='bbox 1885 2949 1992 2999; x_wconf 88' lang='lat' dir='ltr'>dux</span> <span class='ocrx_word' id='word_1_333' title='bbox 2031 2965 2151 3000; x_wconf 90' lang='lat' dir='ltr'>cum</span> <span class='ocrx_word' id='word_1_334' title='bbox 2195 2953 2420 3000; x_wconf 90' lang='lat' dir='ltr'>exercitu</span> <span class='ocrx_word' id='word_1_335' title='bbox 2460 2968 2546 3000; x_wconf 93' lang='lat' dir='ltr'>su-</span> 
     </span>
     <span class='ocr_line' id='line_1_31' title="bbox 235 3038 2547 3106; baseline 0 -19"><span class='ocrx_word' id='word_1_336' title='bbox 235 3039 559 3106; x_wconf 82' lang='lat' dir='ltr'>perveniens,</span> <span class='ocrx_word' id='word_1_337' title='bbox 600 3040 774 3103; x_wconf 91' lang='lat' dir='ltr'>coepit</span> <span class='ocrx_word' id='word_1_338' title='bbox 815 3038 1040 3087; x_wconf 89' lang='lat' dir='ltr'>eundem</span> <span class='ocrx_word' id='word_1_339' title='bbox 1081 3047 1318 3087; x_wconf 87' lang='lat' dir='ltr'>montem</span> <span class='ocrx_word' id='word_1_340' title='bbox 1362 3039 1592 3106; x_wconf 83' lang='lat' dir='ltr'>circuire,</span> <span class='ocrx_word' id='word_1_341' title='bbox 1632 3047 1690 3087; x_wconf 93' lang='lat' dir='ltr'>ut</span> <span class='ocrx_word' id='word_1_342' title='bbox 1726 3053 1821 3104; x_wconf 89' lang='lat' dir='ltr'>per</span> <span class='ocrx_word' id='word_1_343' title='bbox 1858 3038 1975 3088; x_wconf 93' lang='lat' dir='ltr'>loca</span> <span class='ocrx_word' id='word_1_344' title='bbox 2012 3039 2249 3104; x_wconf 88' lang='lat' dir='ltr'>planiora</span> <span class='ocrx_word' id='word_1_345' title='bbox 2274 3055 2432 3105; x_wconf 90' lang='lat' dir='ltr'>super</span> <span class='ocrx_word' id='word_1_346' title='bbox 2456 3055 2547 3088; x_wconf 94' lang='lat' dir='ltr'>eos</span> 
     </span>
     <span class='ocr_line' id='line_1_32' title="bbox 238 3125 2546 3198; baseline 0.001 -23"><span class='ocrx_word' id='word_1_347' title='bbox 238 3127 405 3191; x_wconf 87' lang='lat' dir='ltr'>possit</span> <span class='ocrx_word' id='word_1_348' title='bbox 445 3128 664 3175; x_wconf 90' lang='lat' dir='ltr'>inruere.</span> <span class='ocrx_word' id='word_1_349' title='bbox 709 3125 866 3176; x_wconf 92' lang='lat' dir='ltr'>Tunc</span> <span class='ocrx_word' id='word_1_350' title='bbox 905 3128 1101 3194; x_wconf 89' lang='lat' dir='ltr'>Argait,</span> <span class='ocrx_word' id='word_1_351' title='bbox 1144 3126 1207 3174; x_wconf 91' lang='lat' dir='ltr'>de</span> <span class='ocrx_word' id='word_1_352' title='bbox 1253 3142 1361 3193; x_wconf 94' lang='lat' dir='ltr'>quo</span> <span class='ocrx_word' id='word_1_353' title='bbox 1402 3127 1789 3191; x_wconf 78' lang='lat' dir='ltr'>praemisimuS,</span> <span class='ocrx_word' id='word_1_354' title='bbox 1830 3128 1899 3176; x_wconf 94' lang='lat' dir='ltr'>ita</span> <span class='ocrx_word' id='word_1_355' title='bbox 1933 3125 2182 3177; x_wconf 90' lang='lat' dir='ltr'>Ferdulfo</span> <span class='ocrx_word' id='word_1_356' title='bbox 2208 3127 2356 3180; x_wconf 81' lang='lat' dir='ltr'>dixit:</span> <span class='ocrx_word' id='word_1_357' title='bbox 2403 3127 2546 3198; x_wconf 87' lang='lat' dir='ltr'>„Me-</span> 
     </span>
     <span class='ocr_line' id='line_1_33' title="bbox 242 3213 2547 3285; baseline 0.001 -21"><span class='ocrx_word' id='word_1_358' title='bbox 242 3225 440 3279; x_wconf 90' lang='lat' dir='ltr'>ment0,</span> <span class='ocrx_word' id='word_1_359' title='bbox 484 3214 590 3264; x_wconf 88' lang='lat' dir='ltr'>dux</span> <span class='ocrx_word' id='word_1_360' title='bbox 629 3213 864 3279; x_wconf 87' lang='lat' dir='ltr'>Ferdulf,</span> <span class='ocrx_word' id='word_1_361' title='bbox 907 3215 1053 3282; x_wconf 93' lang='lat' dir='ltr'>quod</span> <span class='ocrx_word' id='word_1_362' title='bbox 1094 3231 1179 3264; x_wconf 90' lang='lat' dir='ltr'>me</span> <span class='ocrx_word' id='word_1_363' title='bbox 1222 3231 1330 3263; x_wconf 89' lang='lat' dir='ltr'>esse</span> <span class='ocrx_word' id='word_1_364' title='bbox 1371 3216 1589 3264; x_wconf 89' lang='lat' dir='ltr'>inertem</span> <span class='ocrx_word' id='word_1_365' title='bbox 1643 3224 1694 3265; x_wconf 93' lang='lat' dir='ltr'>et</span> <span class='ocrx_word' id='word_1_366' title='bbox 1743 3214 1982 3265; x_wconf 85' lang='lat' dir='ltr'>inutilem</span> <span class='ocrx_word' id='word_1_367' title='bbox 2035 3216 2220 3265; x_wconf 87' lang='lat' dir='ltr'>dixeris</span> <span class='ocrx_word' id='word_1_368' title='bbox 2261 3227 2311 3266; x_wconf 88' lang='lat' dir='ltr'>et</span> <span class='ocrx_word' id='word_1_369' title='bbox 2348 3218 2547 3285; x_wconf 80' lang='lat' dir='ltr'>vulgari</span> 
     </span>
     <span class='ocr_line' id='line_1_34' title="bbox 241 3303 2548 3373; baseline 0.001 -21"><span class='ocrx_word' id='word_1_370' title='bbox 241 3304 401 3353; x_wconf 83' lang='lat' dir='ltr'>verbo</span> <span class='ocrx_word' id='word_1_371' title='bbox 443 3318 564 3371; x_wconf 91' lang='lat' dir='ltr'>arga</span> <span class='ocrx_word' id='word_1_372' title='bbox 588 3307 871 3356; x_wconf 78' lang='lat' dir='ltr'>vocaveris.</span> <span class='ocrx_word' id='word_1_373' title='bbox 911 3303 1065 3352; x_wconf 90' lang='lat' dir='ltr'>Nunc</span> <span class='ocrx_word' id='word_1_374' title='bbox 1106 3313 1281 3352; x_wconf 88' lang='lat' dir='ltr'>autem</span> <span class='ocrx_word' id='word_1_375' title='bbox 1323 3305 1394 3353; x_wconf 89' lang='lat' dir='ltr'>ira</span> <span class='ocrx_word' id='word_1_376' title='bbox 1437 3303 1529 3352; x_wconf 90' lang='lat' dir='ltr'>Dei</span> <span class='ocrx_word' id='word_1_377' title='bbox 1556 3305 1730 3354; x_wconf 81' lang='lat' dir='ltr'>veniat</span> <span class='ocrx_word' id='word_1_378' title='bbox 1768 3320 1926 3371; x_wconf 89' lang='lat' dir='ltr'>super</span> <span class='ocrx_word' id='word_1_379' title='bbox 1965 3305 2131 3367; x_wconf 86' lang='lat' dir='ltr'>illum,</span> <span class='ocrx_word' id='word_1_380' title='bbox 2170 3309 2261 3373; x_wconf 89' lang='lat' dir='ltr'>qui</span> <span class='ocrx_word' id='word_1_381' title='bbox 2290 3309 2548 3372; x_wconf 90' lang='lat' dir='ltr'>posterior</span> 
     </span>
     <span class='ocr_line' id='line_1_35' title="bbox 240 3389 2547 3463; baseline 0.001 -22"><span class='ocrx_word' id='word_1_382' title='bbox 240 3408 267 3441; x_wconf 93' lang='lat' dir='ltr'>e</span> <span class='ocrx_word' id='word_1_383' title='bbox 306 3393 460 3441; x_wconf 90' lang='lat' dir='ltr'>nobis</span> <span class='ocrx_word' id='word_1_384' title='bbox 501 3393 566 3442; x_wconf 93' lang='lat' dir='ltr'>ad</span> <span class='ocrx_word' id='word_1_385' title='bbox 606 3391 704 3442; x_wconf 90' lang='lat' dir='ltr'>hos</span> <span class='ocrx_word' id='word_1_386' title='bbox 747 3392 959 3442; x_wconf 82' lang='lat' dir='ltr'>Sclavos</span> <span class='ocrx_word' id='word_1_387' title='bbox 1003 3389 1317 3444; x_wconf 85' lang='lat' dir='ltr'>accesserit.“</span> <span class='ocrx_word' id='word_1_388' title='bbox 1362 3391 1429 3441; x_wconf 92' lang='lat' dir='ltr'>Et</span> <span class='ocrx_word' id='word_1_389' title='bbox 1467 3390 1596 3442; x_wconf 92' lang='lat' dir='ltr'>haec</span> <span class='ocrx_word' id='word_1_390' title='bbox 1637 3392 1829 3453; x_wconf 91' lang='lat' dir='ltr'>dicens,</span> <span class='ocrx_word' id='word_1_391' title='bbox 1870 3409 2020 3443; x_wconf 85' lang='lat' dir='ltr'>verso</span> <span class='ocrx_word' id='word_1_392' title='bbox 2063 3411 2220 3463; x_wconf 86' lang='lat' dir='ltr'>equo,</span> <span class='ocrx_word' id='word_1_393' title='bbox 2259 3410 2352 3461; x_wconf 91' lang='lat' dir='ltr'>per</span> <span class='ocrx_word' id='word_1_394' title='bbox 2404 3411 2547 3462; x_wconf 91' lang='lat' dir='ltr'>aspe-</span> 
     </span>
     <span class='ocr_line' id='line_1_36' title="bbox 239 3480 2547 3551; baseline 0.002 -21"><span class='ocrx_word' id='word_1_395' title='bbox 239 3483 443 3530; x_wconf 86' lang='lat' dir='ltr'>ritatem</span> <span class='ocrx_word' id='word_1_396' title='bbox 485 3484 696 3542; x_wconf 86' lang='lat' dir='ltr'>montis,</span> <span class='ocrx_word' id='word_1_397' title='bbox 739 3482 880 3531; x_wconf 91' lang='lat' dir='ltr'>unde</span> <span class='ocrx_word' id='word_1_398' title='bbox 922 3484 1089 3549; x_wconf 88' lang='lat' dir='ltr'>gravis</span> <span class='ocrx_word' id='word_1_399' title='bbox 1131 3491 1237 3529; x_wconf 90' lang='lat' dir='ltr'>erat</span> <span class='ocrx_word' id='word_1_400' title='bbox 1277 3497 1536 3540; x_wconf 90' lang='lat' dir='ltr'>ascensus,</span> <span class='ocrx_word' id='word_1_401' title='bbox 1580 3480 1643 3530; x_wconf 91' lang='lat' dir='ltr'>ad</span> <span class='ocrx_word' id='word_1_402' title='bbox 1686 3491 1846 3531; x_wconf 89' lang='lat' dir='ltr'>castra</span> <span class='ocrx_word' id='word_1_403' title='bbox 1873 3483 2186 3533; x_wconf 91' lang='lat' dir='ltr'>contendere</span> <span class='ocrx_word' id='word_1_404' title='bbox 2215 3487 2388 3551; x_wconf 92' lang='lat' dir='ltr'>coepit</span> <span class='ocrx_word' id='word_1_405' title='bbox 2413 3483 2547 3534; x_wconf 88' lang='lat' dir='ltr'>Scla-</span> 
     </span>
     <span class='ocr_line' id='line_1_37' title="bbox 242 3568 2548 3638; baseline 0.001 -19"><span class='ocrx_word' id='word_1_406' title='bbox 242 3584 451 3621; x_wconf 84' lang='lat' dir='ltr'>vorum.</span> <span class='ocrx_word' id='word_1_407' title='bbox 493 3568 771 3619; x_wconf 88' lang='lat' dir='ltr'>Ferdulfus</span> <span class='ocrx_word' id='word_1_408' title='bbox 798 3586 919 3619; x_wconf 87' lang='lat' dir='ltr'>vero</span> <span class='ocrx_word' id='word_1_409' title='bbox 965 3570 1310 3635; x_wconf 89' lang='lat' dir='ltr'>opprobrium</span> <span class='ocrx_word' id='word_1_410' title='bbox 1354 3569 1565 3638; x_wconf 82' lang='lat' dir='ltr'>ducens,</span> <span class='ocrx_word' id='word_1_411' title='bbox 1603 3572 1644 3618; x_wconf 89' lang='lat' dir='ltr'>si</span> <span class='ocrx_word' id='word_1_412' title='bbox 1686 3586 1794 3619; x_wconf 92' lang='lat' dir='ltr'>non</span> <span class='ocrx_word' id='word_1_413' title='bbox 1837 3572 1945 3636; x_wconf 87' lang='lat' dir='ltr'>ipse</span> <span class='ocrx_word' id='word_1_414' title='bbox 1986 3587 2079 3638; x_wconf 89' lang='lat' dir='ltr'>per</span> <span class='ocrx_word' id='word_1_415' title='bbox 2105 3572 2289 3621; x_wconf 87' lang='lat' dir='ltr'>eadem</span> <span class='ocrx_word' id='word_1_416' title='bbox 2322 3571 2548 3622; x_wconf 86' lang='lat' dir='ltr'>difficilia</span> 
     </span>
     <span class='ocr_line' id='line_1_38' title="bbox 242 3656 2547 3729; baseline 0.001 -22"><span class='ocrx_word' id='word_1_417' title='bbox 242 3658 358 3707; x_wconf 90' lang='lat' dir='ltr'>loca</span> <span class='ocrx_word' id='word_1_418' title='bbox 399 3673 557 3723; x_wconf 89' lang='lat' dir='ltr'>super</span> <span class='ocrx_word' id='word_1_419' title='bbox 596 3656 808 3708; x_wconf 82' lang='lat' dir='ltr'>Sclavos</span> <span class='ocrx_word' id='word_1_420' title='bbox 850 3659 1079 3716; x_wconf 87' lang='lat' dir='ltr'>inruerit,</span> <span class='ocrx_word' id='word_1_421' title='bbox 1124 3675 1246 3706; x_wconf 89' lang='lat' dir='ltr'>cum</span> <span class='ocrx_word' id='word_1_422' title='bbox 1289 3672 1381 3723; x_wconf 89' lang='lat' dir='ltr'>per</span> <span class='ocrx_word' id='word_1_423' title='bbox 1430 3672 1610 3723; x_wconf 89' lang='lat' dir='ltr'>aspera</span> <span class='ocrx_word' id='word_1_424' title='bbox 1666 3674 1906 3725; x_wconf 90' lang='lat' dir='ltr'>quaeque</span> <span class='ocrx_word' id='word_1_425' title='bbox 1949 3670 1998 3709; x_wconf 91' lang='lat' dir='ltr'>et</span> <span class='ocrx_word' id='word_1_426' title='bbox 2038 3658 2262 3710; x_wconf 86' lang='lat' dir='ltr'>difficilia</span> <span class='ocrx_word' id='word_1_427' title='bbox 2302 3663 2547 3729; x_wconf 89' lang='lat' dir='ltr'>inviaque</span> 
     </span>
     <span class='ocr_line' id='line_1_39' title="bbox 242 3746 2549 3819; baseline 0.001 -24"><span class='ocrx_word' id='word_1_428' title='bbox 242 3747 358 3795; x_wconf 90' lang='lat' dir='ltr'>loca</span> <span class='ocrx_word' id='word_1_429' title='bbox 398 3757 607 3796; x_wconf 90' lang='lat' dir='ltr'>secutus</span> <span class='ocrx_word' id='word_1_430' title='bbox 664 3758 753 3799; x_wconf 90' lang='lat' dir='ltr'>est.</span> <span class='ocrx_word' id='word_1_431' title='bbox 820 3746 996 3806; x_wconf 88' lang='lat' dir='ltr'>Quem</span> <span class='ocrx_word' id='word_1_432' title='bbox 1054 3763 1180 3795; x_wconf 89' lang='lat' dir='ltr'>suus</span> <span class='ocrx_word' id='word_1_433' title='bbox 1237 3747 1502 3804; x_wconf 88' lang='lat' dir='ltr'>exercitus,</span> <span class='ocrx_word' id='word_1_434' title='bbox 1556 3756 1706 3812; x_wconf 86' lang='lat' dir='ltr'>turpe</span> <span class='ocrx_word' id='word_1_435' title='bbox 1761 3746 1956 3796; x_wconf 91' lang='lat' dir='ltr'>ducens</span> <span class='ocrx_word' id='word_1_436' title='bbox 2005 3749 2194 3798; x_wconf 90' lang='lat' dir='ltr'>ducem</span> <span class='ocrx_word' id='word_1_437' title='bbox 2235 3766 2344 3799; x_wconf 92' lang='lat' dir='ltr'>non</span> <span class='ocrx_word' id='word_1_438' title='bbox 2384 3753 2549 3819; x_wconf 79' lang='lat' dir='ltr'>sequi,</span> 
     </span>
     <span class='ocr_line' id='line_1_40' title="bbox 245 3832 2549 3904; baseline 0.002 -21"><span class='ocrx_word' id='word_1_439' title='bbox 245 3834 495 3901; x_wconf 85' lang='lat' dir='ltr'>subsequi</span> <span class='ocrx_word' id='word_1_440' title='bbox 537 3845 587 3884; x_wconf 90' lang='lat' dir='ltr'>et</span> <span class='ocrx_word' id='word_1_441' title='bbox 627 3837 737 3901; x_wconf 90' lang='lat' dir='ltr'>ipse</span> <span class='ocrx_word' id='word_1_442' title='bbox 780 3837 968 3901; x_wconf 87' lang='lat' dir='ltr'>coepit.</span> <span class='ocrx_word' id='word_1_443' title='bbox 1012 3834 1260 3884; x_wconf 89' lang='lat' dir='ltr'>Videntes</span> <span class='ocrx_word' id='word_1_444' title='bbox 1303 3835 1475 3900; x_wconf 91' lang='lat' dir='ltr'>itaque</span> <span class='ocrx_word' id='word_1_445' title='bbox 1516 3832 1701 3897; x_wconf 86' lang='lat' dir='ltr'>Sclavi‚</span> <span class='ocrx_word' id='word_1_446' title='bbox 1743 3850 1832 3884; x_wconf 90' lang='lat' dir='ltr'>eos</span> <span class='ocrx_word' id='word_1_447' title='bbox 1872 3851 1964 3901; x_wconf 93' lang='lat' dir='ltr'>per</span> <span class='ocrx_word' id='word_1_448' title='bbox 2003 3837 2195 3887; x_wconf 81' lang='lat' dir='ltr'>devexa</span> <span class='ocrx_word' id='word_1_449' title='bbox 2234 3837 2350 3888; x_wconf 93' lang='lat' dir='ltr'>loca</span> <span class='ocrx_word' id='word_1_450' title='bbox 2390 3854 2549 3904; x_wconf 86' lang='lat' dir='ltr'>super</span> 
     </span>
    </p>
   </div>
   <div class='ocr_carea' id='block_1_7' title="bbox 245 3936 598 3944">
    <p class='ocr_par' dir='ltr' id='par_1_7' title="bbox 245 3936 598 3944">
     <span class='ocr_line' id='line_1_41' title="bbox 245 3936 598 3944; baseline 0 560"><span class='ocrx_word' id='word_1_451' title='bbox 245 3936 598 3944; x_wconf 95' lang='lat' dir='ltr'> </span> 
     </span>
    </p>
   </div>
   <div class='ocr_carea' id='block_1_8' title="bbox 247 3966 2546 4255">
    <p class='ocr_par' dir='ltr' id='par_1_8' title="bbox 247 3966 2546 4255">
     <span class='ocr_line' id='line_1_42' title="bbox 427 3966 2546 4038; baseline 0.003 -15"><span class='ocrx_word' id='word_1_452' title='bbox 427 3978 457 4034; x_wconf 86' lang='lat'>¹)</span> <span class='ocrx_word' id='word_1_453' title='bbox 490 3966 557 4023; x_wconf 77' lang='lat' dir='ltr'>Ce</span> <span class='ocrx_word' id='word_1_454' title='bbox 590 3979 738 4024; x_wconf 88' lang='lat' dir='ltr'>Pavel</span> <span class='ocrx_word' id='word_1_455' title='bbox 770 3979 966 4034; x_wconf 88' lang='lat' dir='ltr'>dijakon</span> <span class='ocrx_word' id='word_1_456' title='bbox 998 3984 1049 4023; x_wconf 91' lang='lat' dir='ltr'>tu</span> <span class='ocrx_word' id='word_1_457' title='bbox 1081 3978 1187 4033; x_wconf 87' lang='lat' dir='ltr'>trdi‚</span> <span class='ocrx_word' id='word_1_458' title='bbox 1235 3979 1294 4022; x_wconf 88' lang='lat' dir='ltr'>da</span> <span class='ocrx_word' id='word_1_459' title='bbox 1318 3980 1372 4034; x_wconf 91' lang='lat' dir='ltr'>je</span> <span class='ocrx_word' id='word_1_460' title='bbox 1417 3978 1566 4023; x_wconf 89' lang='lat' dir='ltr'>izmed</span> <span class='ocrx_word' id='word_1_461' title='bbox 1597 3991 1685 4024; x_wconf 88' lang='lat' dir='ltr'>vse</span> <span class='ocrx_word' id='word_1_462' title='bbox 1717 3980 1963 4026; x_wconf 88' lang='lat' dir='ltr'>furlanske</span> <span class='ocrx_word' id='word_1_463' title='bbox 1994 3982 2170 4038; x_wconf 85' lang='lat' dir='ltr'>vojske</span> <span class='ocrx_word' id='word_1_464' title='bbox 2202 3983 2328 4028; x_wconf 86' lang='lat' dir='ltr'>ostal</span> <span class='ocrx_word' id='word_1_465' title='bbox 2359 3996 2418 4028; x_wconf 91' lang='lat' dir='ltr'>en</span> <span class='ocrx_word' id='word_1_466' title='bbox 2443 3996 2546 4029; x_wconf 90' lang='lat' dir='ltr'>sam</span> 
     </span>
     <span class='ocr_line' id='line_1_43' title="bbox 249 4052 2546 4113; baseline 0.003 -18"><span class='ocrx_word' id='word_1_467' title='bbox 249 4054 355 4095; x_wconf 65' lang='lat' dir='ltr'>mol</span> <span class='ocrx_word' id='word_1_468' title='bbox 385 4052 460 4108; x_wconf 88' lang='lat' dir='ltr'>pri</span> <span class='ocrx_word' id='word_1_469' title='bbox 491 4052 733 4110; x_wconf 71' lang='lat' dir='ltr'>zivljenju,</span> <span class='ocrx_word' id='word_1_470' title='bbox 758 4054 810 4108; x_wconf 85' lang='lat' dir='ltr'>je</span> <span class='ocrx_word' id='word_1_471' title='bbox 842 4058 892 4096; x_wconf 87' lang='lat' dir='ltr'>to</span> <span class='ocrx_word' id='word_1_472' title='bbox 924 4065 1077 4097; x_wconf 85' lang='lat' dir='ltr'>ravno</span> <span class='ocrx_word' id='word_1_473' title='bbox 1109 4053 1223 4097; x_wconf 86' lang='lat' dir='ltr'>tako</span> <span class='ocrx_word' id='word_1_474' title='bbox 1257 4052 1383 4096; x_wconf 86' lang='lat' dir='ltr'>malo</span> <span class='ocrx_word' id='word_1_475' title='bbox 1414 4053 1646 4110; x_wconf 88' lang='lat' dir='ltr'>verjetno‚</span> <span class='ocrx_word' id='word_1_476' title='bbox 1677 4053 1835 4099; x_wconf 87' lang='lat' dir='ltr'>kakor</span> <span class='ocrx_word' id='word_1_477' title='bbox 1856 4060 1922 4112; x_wconf 88' lang='lat' dir='ltr'>to,</span> <span class='ocrx_word' id='word_1_478' title='bbox 1953 4056 2048 4100; x_wconf 88' lang='lat' dir='ltr'>ako</span> <span class='ocrx_word' id='word_1_479' title='bbox 2071 4068 2131 4101; x_wconf 89' lang='lat' dir='ltr'>na</span> <span class='ocrx_word' id='word_1_480' title='bbox 2155 4057 2326 4102; x_wconf 88' lang='lat' dir='ltr'>nekem</span> <span class='ocrx_word' id='word_1_481' title='bbox 2349 4058 2546 4113; x_wconf 88' lang='lat' dir='ltr'>drugem</span> 
     </span>
     <span class='ocr_line' id='line_1_44' title="bbox 247 4124 2544 4187; baseline 0.003 -19"><span class='ocrx_word' id='word_1_482' title='bbox 247 4130 401 4169; x_wconf 88' lang='lat' dir='ltr'>mestu</span> <span class='ocrx_word' id='word_1_483' title='bbox 433 4127 570 4181; x_wconf 85' lang='lat' dir='ltr'>pravi</span> <span class='ocrx_word' id='word_1_484' title='bbox 619 4125 698 4182; x_wconf 82' lang='lat' dir='ltr'>(gl.</span> <span class='ocrx_word' id='word_1_485' title='bbox 732 4128 790 4172; x_wconf 69' lang='lat' dir='ltr'>st.</span> <span class='ocrx_word' id='word_1_486' title='bbox 826 4125 943 4183; x_wconf 87' lang='lat'>199),</span> <span class='ocrx_word' id='word_1_487' title='bbox 992 4127 1050 4170; x_wconf 87' lang='lat' dir='ltr'>da</span> <span class='ocrx_word' id='word_1_488' title='bbox 1075 4128 1126 4182; x_wconf 89' lang='lat' dir='ltr'>je</span> <span class='ocrx_word' id='word_1_489' title='bbox 1158 4139 1190 4170; x_wconf 89' lang='lat' dir='ltr'>v</span> <span class='ocrx_word' id='word_1_490' title='bbox 1222 4126 1334 4169; x_wconf 90' lang='lat' dir='ltr'>neki</span> <span class='ocrx_word' id='word_1_491' title='bbox 1368 4125 1487 4169; x_wconf 88' lang='lat' dir='ltr'>bitki</span> <span class='ocrx_word' id='word_1_492' title='bbox 1519 4137 1546 4169; x_wconf 87' lang='lat' dir='ltr'>s</span> <span class='ocrx_word' id='word_1_493' title='bbox 1578 4124 1800 4172; x_wconf 85' lang='lat' dir='ltr'>Slovenci</span> <span class='ocrx_word' id='word_1_494' title='bbox 1847 4129 1987 4185; x_wconf 88' lang='lat' dir='ltr'>padel</span> <span class='ocrx_word' id='word_1_495' title='bbox 2019 4141 2078 4174; x_wconf 91' lang='lat' dir='ltr'>en</span> <span class='ocrx_word' id='word_1_496' title='bbox 2110 4142 2214 4175; x_wconf 85' lang='lat' dir='ltr'>sam</span> <span class='ocrx_word' id='word_1_497' title='bbox 2246 4131 2544 4187; x_wconf 87' lang='lat' dir='ltr'>Langobard.</span> 
     </span>
     <span class='ocr_line' id='line_1_45' title="bbox 250 4199 1806 4255; baseline 0.002 -13"><span class='ocrx_word' id='word_1_498' title='bbox 250 4221 302 4228; x_wconf 93' lang='lat'>—</span> <span class='ocrx_word' id='word_1_499' title='bbox 337 4199 410 4243; x_wconf 88' lang='lat' dir='ltr'>Na</span> <span class='ocrx_word' id='word_1_500' title='bbox 441 4199 594 4245; x_wconf 86' lang='lat' dir='ltr'>kateri</span> <span class='ocrx_word' id='word_1_501' title='bbox 626 4201 730 4255; x_wconf 87' lang='lat' dir='ltr'>gori</span> <span class='ocrx_word' id='word_1_502' title='bbox 762 4212 815 4245; x_wconf 86' lang='lat' dir='ltr'>se</span> <span class='ocrx_word' id='word_1_503' title='bbox 840 4202 892 4255; x_wconf 89' lang='lat' dir='ltr'>je</span> <span class='ocrx_word' id='word_1_504' title='bbox 923 4206 973 4245; x_wconf 88' lang='lat' dir='ltr'>tu</span> <span class='ocrx_word' id='word_1_505' title='bbox 1006 4199 1241 4255; x_wconf 89' lang='lat' dir='ltr'>omenjeni</span> <span class='ocrx_word' id='word_1_506' title='bbox 1277 4199 1356 4254; x_wconf 86' lang='lat' dir='ltr'>boj</span> <span class='ocrx_word' id='word_1_507' title='bbox 1393 4199 1528 4255; x_wconf 65' lang='lat' dir='ltr'>vrsil,</span> <span class='ocrx_word' id='word_1_508' title='bbox 1560 4199 1609 4243; x_wconf 88' lang='lat' dir='ltr'>ni</span> <span class='ocrx_word' id='word_1_509' title='bbox 1640 4212 1806 4245; x_wconf 80' lang='lat' dir='ltr'>znano.</span> 
     </span>
    </p>
   </div>
   <div class='ocr_carea' id='block_1_9' title="bbox 2312 4297 2368 4337">
    <p class='ocr_par' dir='ltr' id='par_1_9' title="bbox 2312 4297 2368 4337">
     <span class='ocr_line' id='line_1_46' title="bbox 2312 4297 2368 4337; baseline 0.018 -1"><span class='ocrx_word' id='word_1_510' title='bbox 2312 4297 2368 4337; x_wconf 83' lang='lat'>21</span> 
     </span>
    </p>
   </div>
  </div>
 </body>
</html>
