2872 4504
328 218 415 257 204
1300 198 1355 254 Ξῖ
1400 214 1500 265 162,
1534 214 1575 253 ι(
1591 214 1633 253 3.

328 390 607 457 praedicat;
648 389 830 438 Paucis
870 404 992 437 vero
1035 404 1095 436 ex
1135 389 1206 435 eis
1247 389 1298 435 in
1339 385 1549 436 Christo
1592 388 1915 452 regeneratis,
1957 386 2138 434 videns
2178 388 2332 434 etiam
2371 386 2467 433 sibi
2507 401 2615 434 non

328 481 449 526 satis
490 492 776 526 accrescere
818 475 1046 525 fructum
1099 485 1148 523 et
1202 477 1525 543 martyrium,
1575 476 1722 541 quod
1772 486 1979 539 semper
2029 473 2323 542 quaerebat,
2376 473 2619 522 nondum

329 566 662 631 adepturum,
704 564 769 612 ad
809 566 1044 630 proprias
1086 566 1271 612 iterum
1314 578 1543 612 reversus
1585 573 1660 611 est
1700 575 1847 620 oves;
1889 577 2174 629 curamque
2213 577 2394 627 gerens
2420 576 2617 627 earum,

327 653 392 701 ad
434 653 676 702 coelestia
717 667 874 717 regna
915 652 1262 717 praedicando
1303 652 1591 717 perduxit.“

502 741 640 791 Vita
664 755 706 791 s.
735 741 985 790 Amandi
1025 742 1240 790 metrica
1280 743 1522 790 auctore
1546 739 1766 790 Milone
1792 737 2054 788 monacho
2087 737 2394 802 Elnonensi,
2418 738 2506 791 lib.
2533 737 2616 803 ΙΙΙ,

327 844 368 880 c.
398 843 442 891 5,
469 846 515 880 v.
552 842 832 894 149-179
874 826 1034 897 (MG.,
1066 827 1253 876 Poetae
1294 828 1364 876 lat
1409 829 1519 875 aevi
1561 825 1811 894 Carolini‚
1850 825 1934 890 111,
1964 842 2085 891 591,
2119 822 2267 893 592):

769 916 883 977 „Te
929 932 1114 982 neque,
1155 916 1443 981 apostolica
1484 931 1776 982 numquam
1819 925 2036 980 purgata
2075 916 2241 963 securi

540 1021 585 1055 v.
617 1019 730 1068 150.
771 1009 847 1053 Ac
885 1003 1006 1053 fidei
1046 1004 1202 1053 sulcis
1245 1004 1352 1052 ullo
1394 1020 1565 1070 neque
1605 1018 1819 1052 vomere
1859 1003 2010 1060 culta,

775 1092 1114 1141 pertransisse
1154 1094 1324 1142 virum
1366 1092 1558 1159 doleas,
1598 1090 1853 1141 Sclavinia
1891 1091 2059 1142 tellus.

773 1179 918 1230 Sicut
957 1196 1112 1229 avaro
1154 1182 1363 1249 etenim,
1402 1196 1526 1229 cum
1565 1180 1729 1229 multa
1770 1181 1990 1245 pecunia
2030 1181 2224 1236 crescit,

768 1267 966 1318 Crescit
1005 1284 1155 1328 amor
1194 1285 1567 1336 summamque
1610 1267 1805 1317 famem
1846 1267 2131 1333 completio
2172 1268 2350 1333 gignit,

770 1357 853 1406 Sic
894 1357 992 1425 hie,
1031 1359 1078 1405 si-
1113 1358 1262 1406 liceat
1302 1355 1457 1406 fatuis
1497 1355 1731 1406 conferre
1772 1357 2010 1424 benigna,

540 1463 590 1497 v.
624 1460 738 1509 155.
779 1444 1020 1495 Crescere
1061 1462 1170 1512 quo
1212 1447 1371 1495 crevit
1408 1447 1659 1494 virtutum
1702 1446 1859 1494 lucra‘
1884 1446 2159 1513 bonarum,

768 1535 1114 1583 Accumulare
1157 1549 1344 1599 parans
1384 1544 1434 1583 et
1473 1535 1675 1584 avarior
1714 1534 1942 1599 amplius
1982 1543 2175 1585 extans.

770 1622 1005 1671 Partibus
1047 1633 1097 1672 et
1136 1623 1314 1672 multis
1356 1638 1478 1672 cum
1518 1637 1700 1687 sparso
1741 1624 1939 1671 semine
1978 1622 2117 1670 verbi

772 1709 1015 1777 Surgeret
1055 1710 1175 1760 hinc
1214 1722 1370 1778 atque
1410 1709 1530 1764 hinc
1572 1709 1786 1760 feliciter
1825 1711 1998 1759 inclita
2038 1714 2234 1772 messis,

770 1797 1047 1865 Comperit
1086 1801 1357 1849 adstrictos
1397 1798 1609 1850 Sclavos
1651 1815 1822 1849 errore
1863 1800 2074 1852 inimici.

539 1906 586 1940 v.
618 1887 732 1941 160.
774 1887 899 1948 Quo
941 1905 994 1936 se
1036 1891 1342 1957 martyrium
1385 1904 1480 1954 pro
1523 1885 1732 1938 Christo
1775 1904 1928 1953 posse
1972 1889 2155 1936 mereri

772 1975 1060 2026 Confidens
1100 1988 1309 2027 sanctus
1350 1977 1617 2044 glacialem
1659 1979 1859 2026 transiit
1899 1976 2154 2026 Histrum.

775 2064 962 2131 Incipit
1002 2076 1051 2114 et
1090 2066 1266 2132 glebas
1307 2067 1466 2115 durae
1507 2066 1840 2133 proscindere
1878 2076 2068 2124 terrae;

770 2154 894 2203 Inde
937 2156 1188 2221 evangelii
1229 2171 1410 2204 semen
1451 2155 1700 2221 dispergit
1739 2155 1936 2222 ubique

769 2243 862 2291 Per
903 2245 1016 2292 loca
1056 2259 1254 2311 perque
1294 2244 1501 2312 domos,
1541 2259 1633 2310 per
1670 2259 1788 2293 rura
1828 2254 1878 2292 et
1917 2253 2159 2309 competa
2199 2243 2423 2307 iactans;

537 2348 583 2380 v.
619 2331 734 2395 165.
778 2330 974 2380 Fundit
1013 2348 1174 2399 aquas
1216 2334 1363 2382 siccis
1403 2335 1604 2398 superis
1644 2333 1708 2381 de
1749 2332 1977 2381 nubibus
2017 2333 2165 2384 arvis,

768 2419 1010 2487 Suggerit
1049 2423 1261 2470 inmittit
1300 2422 1568 2471 concludit
1608 2421 1847 2487 conpluit
1884 2421 2069 2472 ambit:

768 2509 852 2557 Nil
894 2508 1029 2559 facto
1071 2520 1321 2575 superest,
1364 2510 1511 2577 quod
1550 2510 1769 2577 dignum
1810 2510 1958 2559 duxit
1990 2508 2271 2575 agendum.

774 2597 818 2646 ls
859 2609 1035 2647 tamen
1077 2610 1134 2647 ut
1173 2610 1402 2665 segetem
1445 2598 1603 2664 pleno
1644 2615 1752 2649 non
1794 2601 2027 2665 gramine
2067 2599 2201 2647 votis

768 2685 1107 2753 Respondete
1147 2688 1288 2736 videt
1325 2690 1551 2754 propriis
1592 2704 1907 2755 cassumque
1946 2688 2177 2736 laborem

542 2791 733 2841 v.170.
779 2774 842 2825 Se
882 2778 1014 2825 saxis
1056 2775 1242 2825 inferre
1284 2776 1485 2835 dolens,
1525 2778 1717 2826 resilire
1759 2787 2042 2826 retrorsum

767 2861 1000 2914 Cernens
1042 2867 1389 2930 conspicuum
1434 2863 1629 2914 ferrum
1669 2866 1916 2915 sulcantis
1957 2866 2124 2933 aratri,

768 2953 865 3002 Per
903 2969 1239 3022 vacuumque
1279 2965 1431 3003 tuens
1473 2956 1524 3002 in
1564 2956 1729 3020 spinis
1770 2969 2017 3021 quaerere
2058 2968 2281 3003 messem

766 3041 1104 3111 Martyriique
1147 3044 1288 3107 piam
1330 3059 1425 3092 nec
1465 3043 1696 3108 palmam
1730 3042 1982 3110 prendere
2023 3058 2195 3108 posse,

771 3131 852 3179 Ad
893 3133 1131 3196 proprias
1173 3133 1359 3180 iterum
1403 3129 1613 3181 Christo
1656 3142 1732 3180 est
1771 3133 2055 3181 comitante
2095 3146 2328 3180 reversus

535 3233 730 3284 v.175.
770 3217 956 3270 Pastor
995 3230 1045 3268 et
1085 3236 1251 3288 agnus
1293 3236 1434 3289 oves,
1474 3222 1659 3270 ovium
1700 3220 1806 3269 dux
1846 3222 1955 3287 ipse
1995 3234 2229 3272 suarum.

767 3307 845 3356 Ne
886 3319 1061 3357 tamen
1104 3310 1153 3356 in
1198 3325 1402 3358 cassum
1444 3319 1618 3358 tantos
1659 3291 1854 3358 fudisse
1895 3309 2098 3358 labores
2139 3338 2158 3350 ·

769 3395 1037 3446 poeniteat
1077 3398 1408 3465 longumque
1450 3400 1601 3447 itiner
1639 3408 1980 3464 properanter
2019 3397 2186 3446 adisse

765 3484 874 3535 Nec
915 3488 1142 3553 quivisse
1183 3487 1413 3554 aliquem
1452 3486 1534 3535 vel
1575 3501 1797 3552 parvum
1837 3501 2045 3536 sumere
2086 3484 2329 3545 fructum,

766 3573 994 3623 Paucula
1034 3590 1192 3640 grana
1230 3576 1408 3641 legens
1449 3575 1756 3625 caelestibus
1796 3575 1982 3625 indidit
2019 3572 2270 3627 horreis.“

504 3834 620 3893 63..
1313 3739 1423 3826 St.
1476 3757 1638 3826 163.

499 3922 746 3995 Slovani‚
783 3925 1097 3980 imenovani
1136 3926 1338 3995 vinidi,
1396 3943 1462 3981 so
1502 3927 1638 3981 ubili
1677 3943 1884 3996 mnogo
1922 3927 2300 3982 frankovskih
2338 3934 2626 3997 trgovoev‚
2823 3869 2858 4011 2!

323 4011 385 4065 ki
424 4027 491 4066 so
530 4012 830 4080 kupoevali
868 4029 941 4082 po
981 4014 1275 4069 Samovem
1316 4015 1643 4084 kraljestvu,
1682 4024 1765 4069 ter
1803 4032 1865 4070 se
1903 4017 2151 4085 polastili
2189 4015 2307 4084 njih
2334 4017 2516 4085 blaga.
2537 4016 2626 4071 To
2820 4007 2837 4042 ·’

317 4098 374 4166 je
412 4100 539 4153 dalo
580 4103 767 4168 povod
806 4101 847 4154 k
887 4102 1077 4169 vojski
1116 4105 1239 4157 med
1277 4105 1672 4158 frankovskim
1705 4105 1942 4171 kraljem
1966 4105 2343 4174 Dagobertom
2366 4105 2406 4160 L
2428 4107 2486 4160 in
2509 4107 2624 4161 slo·
2803 4016 2847 4190 ἔ
