2872 4504
13 3134 34 3280 νήτης-.-
14 3111 21 3123 -
15 3068 25 3098 „-

3 3217 11 3335 ⁴0—-v

5 3799 43 3848 :J
3 3405 42 3778 &Smssssbv-'T-S·
16 3331 28 3346 r
15 3292 31 3306 »-

26 3847 35 3869 ‹-

1233 220 1296 275 St.
1329 235 1431 286 225,
1464 232 1565 273 226.
2466 225 2550 264 26⁷

264 403 360 458 &as
399 402 630 472 svojega
667 401 926 468 iivljenja
964 404 1188 458 dobival
1229 407 1418 474 poduk
1458 406 1516 458 in
1552 403 1732 458 dusno
1769 397 2166 464 oskrbovanje.
2221 397 2306 452 Ko
2342 398 2397 465 je
2435 399 2552 453 Ho-

261 492 411 545 timir
448 492 619 560 prisel
660 492 782 545 med
822 489 1111 561 Slovence,
1151 510 1215 547 so
1254 510 1325 562 ga
1365 493 1407 546 ti
1445 487 1788 561 povzdignili
1827 501 1892 540 za
1930 487 2162 554 svojega
2201 485 2460 553 voJ'voda.

440 581 625 634 Conv.
663 581 799 646 Bag.
853 586 912 632 et
963 581 1221 647 Carant.‚
1263 600 1303 635 c.
1343 597 1378 646 4
1417 579 1559 651 (MG.
1602 578 1707 647 SS.,
1744 575 1832 645 Xl,
1871 573 1947 645 7):
1993 575 2127 644 „Sed
2182 577 2264 625 ille
2322 574 2413 645 (sc.
2455 575 2558 626 Ca-

263 672 446 735 catius)
489 682 669 736 postea
707 673 858 719 tertio
901 686 1038 719 anno
1082 671 1357 721 defunctus
1398 680 1488 721 est.
1537 667 1729 717 Iterum
1770 675 1944 714 autem
1987 666 2331 730 permissione
2372 665 2556 713 domni

262 758 469 825 Pippini
509 761 642 825 regis
683 761 806 824 ipsis
846 760 1057 824 populis
1107 762 1400 825 petentibus
1439 757 1671 807 redditus
1711 763 1787 804 est
1825 755 1897 803 eis
1938 751 2209 802 Cheitmar
2250 751 2559 802 christianus

265 846 446 899 factus,
487 845 587 898 Cui
629 850 784 897 etiam
824 847 979 913 Lupo
1023 850 1288 917 presbyter
1328 847 1595 896 ordinatus
1635 843 1698 892 de
1740 840 2023 897 Iuvavense
2076 842 2197 890 sede
2239 843 2291 889 in
2335 841 2558 890 insulam

261 934 541 1004 Chemingi
595 937 755 999 lacus,
811 952 946 1003 quae
987 948 1035 985 et
1085 942 1238 986 Auua
1279 946 1509 997 vocatur,
1557 932 1700 981 dedit
1738 932 1782 980 ei
1823 940 2071 996 nepotem
2129 947 2284 979 suum
2344 931 2560 979 nomine

262 1024 595 1075 Maioranum
636 1025 702 1073 ad
742 1025 1103 1093 presbyterum
1146 1029 1247 1075 iam
1290 1025 1606 1074 ordinatum.

372 1113 439 1163 Et
465 1117 589 1181 quia
624 1124 872 1180 conpater
899 1116 1009 1162 eius
1039 1127 1143 1164 erat
1171 1116 1310 1164 idem
1338 1115 1491 1177 Lupo
1650 1110 1788 1171 Quia
1828 1118 2078 1175 conpater
2123 1110 2234 1157 eius
2264 1119 2369 1157 erat

262 1203 530 1271 presbyter
570 1202 751 1252 docuit
803 1218 925 1251 eum
984 1213 1041 1251 ut
1091 1204 1155 1251 ad
1211 1203 1493 1253 Iuvavense
1575 1190 1917 1265 isdem'Lupo
1943 1198 2210 1264 presbiter.
2238 1196 2366 1264 Sug-

260 1293 636 1341 monasterium
678 1307 732 1340 se
773 1290 961 1340 devota
990 1303 1162 1341 mente
1204 1293 1269 1341 ad
1294 1291 1492 1342 christi·
1575 1299 1782 1357 gerente
1799 1303 1922 1338 vero
1942 1287 2215 1337 Maiorano
2234 1303 2370 1353 pres-

260 1382 463 1430 anitatis
505 1378 737 1430 officium
778 1381 1105 1432 subdidisset.
1164 1380 1338 1441 Quem
1381 1398 1496 1430 sus·
1574 1380 1738 1429 bitero
1793 1378 1884 1445 qui
1944 1393 1970 1425 a
2019 1386 2199 1426 sancto
2257 1375 2368 1425 Vir-

260 1471 507 1535 cipientes
549 1469 688 1518 idem
729 1469 914 1535 populi
955 1469 1203 1519 ducatum
1245 1471 1314 1519 illi
1342 1471 1496 1519 dede·
1575 1469 1699 1534 gilio
1751 1469 1802 1516 in
1856 1465 2127 1516 Iuvavensi
2184 1481 2371 1513 mona-

259 1569 398 1610 runt.
440 1557 527 1607 Ille
566 1574 691 1608 vero
733 1575 912 1608 secum
940 1558 1134 1608 habens
1164 1560 1494 1609 Maioranum
1576 1559 1731 1607 sterio
1773 1572 1960 1606 manus
1995 1556 2370 1620 inpositionem

261 1647 623 1716 presbyterum
664 1650 713 1696 in
757 1647 1028 1698 Iuvavensi
1071 1652 1387 1699 monasterio
1416 1665 1497 1699 or·
1577 1656 1858 1710 acceperat,
1945 1660 2106 1712 quem
2191 1658 2374 1695 secum

264 1737 503 1786 dinatum
543 1737 608 1786 ad
636 1739 1016 1806 presbyterum.
1072 1737 1177 1798 Qui
1219 1739 1499 1788 admonuit
1577 1745 1791 1802 propter
1821 1734 2113 1784 doctrinam
2147 1731 2374 1782 christia-

261 1842 382 1874 eum
425 1826 490 1874 ad
531 1828 705 1892 ipsum
746 1829 1125 1876 monasterium
1161 1845 1317 1876 suum
1345 1838 1500 1893 caput
1579 1842 1675 1874 nae
1715 1825 1979 1893 religionis
2029 1823 2267 1880 detinuit,
2311 1821 2375 1871 ad

263 1915 520 1965 declinare
577 1917 629 1964 in
684 1917 948 1965 servitium
1007 1915 1126 1971 Dei,
1175 1916 1241 1965 Et
1292 1917 1375 1966 ille
1431 1919 1499 1965 ita
1580 1915 2378 1977 luvavensemonasteriumspe-

263 2002 399 2071 fecit,
452 2020 510 2053 ac
565 2006 807 2070 promisit
860 2022 914 2052 se
968 2007 1030 2054 ad
1097 2007 1260 2070 ipsam
1320 2006 1499 2054 sedem
1581 2005 1773 2054 cialiter
1813 2013 1970 2070 caput
2001 2019 2160 2051 suum
2195 2003 2245 2050 in
2273 2016 2377 2050 ser-

261 2095 596 2147 serviturum.
660 2092 804 2143 Sicut
857 2105 907 2143 et
966 2093 1085 2144 fecit
1139 2107 1295 2163 atque
1352 2097 1500 2143 annis
1580 2095 1765 2144 vitium
1807 2091 1903 2142 Dei
1942 2092 2235 2149 declinavit,
2279 2092 2378 2140 sin·

259 2183 478 2248 singulis
533 2183 727 2232 ibidem
782 2200 938 2232 suum
996 2187 1263 2233 servitium
1304 2185 1501 2251 persol-
1582 2182 1716 2248 gulis
1757 2185 1905 2230 annis
1945 2197 2054 2249 quo
2097 2181 2223 2230 dum
2256 2182 2381 2230 vixit

261 2272 429 2340 vebat,
469 2282 519 2321 et
557 2272 677 2321 inde
717 2288 926 2339 semper
964 2274 1254 2322 doctrinam
1297 2284 1348 2324 et
1387 2272 1531 2323 offi-·
1583 2274 1633 2320 in
1657 2273 1868 2337 signum
1887 2271 2226 2320 subiectionis
2255 2286 2378 2318 suae

266 2362 404 2410 cium
448 2359 832 2411 christianitatis
881 2365 1112 2428 percepit
1165 2380 1332 2431 usque
1373 2363 1502 2412 dum
1584 2361 1797 2430 aliquod
1872 2361 2191 2428 obsequium
2257 2359 2381 2408 illuc

264 2447 436 2502 vixit.“
1584 2450 1978 2518 persolvend0.“

2486 1863 2538 1928 ’8
2484 1699 2539 1826 '1⁷09

439 2554 798 2621 Excerptum
841 2558 910 2607 de
953 2556 1308 2607 Karentanis
1359 2555 1502 2624 (MG.
1543 2556 1645 2626 SS.,
1682 2555 1769 2616 XI,
1818 2550 1932 2624 15):
1995 2594 2022 2623 „
2052 2593 2065 2605 .
2094 2591 2142 2604 ..
2186 2563 2236 2601 et
2274 2562 2397 2619 post
2436 2551 2578 2602 hunc

273 2641 650 2695 Cheumarus.“

445 2733 585 2785 Vita
624 2734 678 2787 S.
705 2735 952 2800 Virgilii,
1011 2736 1124 2784 lect.
1169 2733 1251 2802 ΙΙΙ,
1292 2733 1435 2805 (MG.
1478 2734 1580 2799 SS.,
1620 2734 1707 2803 XI,
1748 2729 1872 2802 87):
1918 2774 1945 2802 „
1977 2774 1987 2785 .
2018 2773 2028 2784 .
2059 2773 2070 2785 .
2125 2732 2217 2781 sed
2267 2741 2449 2797 postea
2490 2731 2577 2779 ille

270 2819 361 2891 (sc.
407 2822 674 2892 Karastus)
713 2827 865 2874 tertio
907 2841 1045 2873 anno
1087 2822 1364 2873 defunctus
1406 2834 1497 2873 est.
1543 2823 1735 2873 Iterum
1778 2833 1954 2872 autem
1996 2823 2339 2888 permissione
2367 2820 2577 2869 domini

268 2910 477 2978 Pippini
518 2915 666 2979 regis,
711 2915 834 2980 ipsis
875 2914 1087 2979 populis
1131 2915 1251 2962 item
1295 2914 1611 2978 petentibus,
1654 2910 2005 2962 Chethmarus
2045 2911 2298 2966 ducatum
2333 2910 2578 2976 suscepit.

267 2999 586 3068 Suggerente
626 3017 750 3051 vero
793 3003 1025 3069 quodam
1079 3002 1380 3069 presbytero
1423 3004 1640 3051 nomine
1695 3000 1986 3068 Maiorano‚
2040 3003 2130 3068 qui
2173 3016 2200 3048 a
2241 3009 2421 3048 sancto
2464 2997 2577 3048 Vir-

272 3090 396 3155 gilio
438 3091 489 3138 in
532 3090 803 3140 Iuvavensi
846 3092 1164 3140 monasterio
1207 3107 1394 3139 manus
1436 3092 1831 3157 impositionem
1874 3100 2157 3155 acceperat,
2193 3105 2352 3156 quem
2393 3103 2576 3137 secum

268 3190 483 3245 propter
521 3181 811 3230 doctrinam
857 3180 1161 3230 christianae
1204 3180 1467 3245 religionis
1507 3180 1747 3247 detinuit,
1775 3179 1838 3228 ad
1869 3177 2152 3227 Iuvavense
2194 3178 2577 3226 monasterium

267 3269 556 3334 specialiter
596 3280 754 3336 caput
791 3287 947 3319 suum
992 3272 1040 3317 in
1084 3270 1351 3317 servitium
1394 3267 1487 3317 Dei
1529 3268 1823 3326 declinavit,
1866 3268 2086 3334 singulis
2128 3269 2276 3316 annis
2303 3283 2411 3334 quo
2447 3266 2576 3315 dum

267 3359 392 3406 vixit
430 3359 480 3406 in
523 3360 730 3426 signum
772 3360 1109 3408 subiectionis
1130 3374 1254 3406 suae
1296 3357 1510 3424 aliquod
1553 3358 1867 3424 obsequium
1910 3357 2032 3406 illuc
2073 3352 2474 3422 persolvendo.“

1267 3507 1378 3595 St.
1435 3524 1611 3593 226.

1243 3635 1548 3706 Nepristno.
1574 3634 1610 3706 ¹)

449 3742 583 3812 754,
623 3742 846 3814 nalbrie
887 3755 1111 3799 meseca
1151 3739 1344 3810 api-ila.
1679 3811 1696 3825 .

451 3832 669 3887 Rimski
708 3831 923 3901 patricij
968 3832 1126 3898 Pipin
1166 3828 1376 3895 obljubi
1418 3827 1627 3897 papeia
1669 3829 1897 3883 Stefanu
1938 3828 2064 3901 (ΙΙ.),
2104 3830 2165 3883 ki
2204 3846 2275 3898 ga
2312 3829 2366 3896 je
2399 3829 2578 3897 prosil

271 3921 495 3992 pomooi
558 3936 727 3989 zoper
786 3921 1148 3987 Langobarde
1204 3928 1285 3970 ter
1340 3919 1433 3970 cez
1488 3918 1631 3971 zimo
1672 3915 1958 3989 (753s754)
2015 3920 2128 3972 tudi
2184 3919 2435 3987 prebival
2490 3917 2577 3985 pri

456 4041 485 4094 ²)
519 4040 827 4096 Nepristnost
873 4045 918 4082 te
965 4037 1124 4081 listine
1155 4038 1207 4090 je
1250 4034 1453 4078 dokazal
1484 4033 1606 4077 Abel
1652 4034 2013 4090 (Forschungen
2061 4048 2146 4079 zur
2191 4034 2449 4080 deutschen
2483 4033 2579 4101 Ge-

272 4114 498 4171 schichte,
529 4114 565 4172 1,
597 4118 717 4172 453),
749 4114 994 4157 kateremu
1041 4116 1114 4154 sta
1144 4108 1329 4182 ”sledila
1376 4107 1475 4151 tudi
1522 4107 1680 4152 Sickel
1728 4108 1866 4159 (Acta
1897 4109 2077 4167 Karol.‚
2109 4110 2168 4166 ΙΙ,
2202 4110 2306 4164 380)
2338 4110 2386 4152 in
2419 4107 2577 4151 Muhl-

272 4188 448 4233 bacher
472 4187 520 4235 (l.
543 4187 615 4243 c.).
648 4212 700 4219 —
737 4186 984 4240 Primerjaj
1011 4184 1111 4228 tudi
1134 4183 1310 4227 Olsner
1341 4180 1671 4239 (Jahrbucher‚
1693 4187 1776 4226 str.
1799 4183 1903 4233 497)
1928 4183 1977 4227 in
2001 4183 2173 4227 Ficker
2195 4182 2571 4239 (Forschungen,

273 4262 335 4319 ΙΙ,
365 4266 452 4308 329
484 4261 533 4305 in
564 4261 646 4319 111,
679 4262 811 4311 447).
