2872 4504
1255 203 1321 247 St.
1345 207 1415 247 71.
2421 197 2476 240 69

178 378 322 448 gotie
360 378 669 447 pregledati
707 380 797 432 del
838 380 1042 433 italske
1082 378 1292 446 zemlje.
1344 379 1431 432 Na
1467 373 1540 444 'tej
1581 376 1707 446 goti
1744 390 1811 429 so
1838 371 1961 439 baje
1997 371 2162 426 iiveli
2189 371 2327 438 divji
2349 371 2480 425 voli.

176 466 262 521 Ko
298 465 356 533 je
394 467 602 520 Alboin
637 468 771 530 ⁴brez
811 468 937 521 ovir
974 468 1147 536 prisel
1185 484 1255 520 na
1295 466 1571 530 Benest
1609 479 1751 533 prvo
1789 461 1999 516 italsko
2046 460 2360 530 pokrajino‚
2398 467 2482 513 ter

171 556 248 609 do
293 561 472 608 mesta
511 556 587 608 ali
625 570 696 623 pa
736 571 875 623 prav
912 571 977 609 za
1015 572 1153 624 prav
1193 557 1266 609 do
1303 557 1476 624 grada
1517 539 1755 622 Cedada‚
1787 551 1844 619 je
1881 549 2035 605 zabel
2074 549 2281 618 misliti,
2309 549 2481 603 komu

174 643 231 696 bi
268 643 468 711 zaupal
506 658 650 711 prvo
690 643 898 713 deielo,
937 644 1130 697 katere
1170 659 1231 697 se
1267 643 1322 710 je
1362 644 1441 697 bil
1481 642 1724 711 polastil.

354 730 537 798 Italijo
588 731 871 799 zagrajajo
917 749 989 785 na
1041 748 1239 786 severu
1294 733 1351 785 in
1397 731 1613 785 zahodu
1651 744 1789 798 gore
1843 729 1900 781 in
1939 728 1993 781 le
2032 725 2129 781 &ez
2167 727 2386 795 prelaze
2426 726 2484 780 in

173 819 386 888 gorske
425 820 584 873 hrbte
619 819 675 886 J’e
727 819 963 889 mogooe
1013 821 1144 889 priti
1183 820 1381 889 vanj03
1439 820 1588 888 proti
1627 819 1847 872 vzhodu
1900 832 1987 886 pa,
2027 815 2152 882 kJ'er
2190 831 2251 869 se
2289 815 2484 868 dotika

173 907 454 978 Panonije‚
502 909 612 962 ima
663 915 719 961 ta
773 908 962 962 deiela
1012 908 1174 963 sirok
1229 909 1286 961 in
1337 909 1677 976 popolnoma
1729 922 1902 960 raven
1942 906 2107 958 vhod.
2127 902 2167 973 ¹)
2218 904 2484 958 Benesko

169 1012 307 1065 sega
357 998 430 1051 od
484 997 777 1065 panonske
832 997 972 1063 meje
1011 1014 1081 1066 pa
1120 999 1195 1052 do
1242 995 1379 1050 reke
1417 998 1589 1050 Adde.
1641 994 1969 1062 Beneskega
2010 1009 2072 1048 se
2111 993 2319 1047 dotika·
2343 994 2493 1047 Istra'

172 1087 229 1140 in
267 1085 433 1152 oboje
467 1086 524 1152 je
576 1102 715 1155 prav
769 1102 833 1139 za
874 1102 1013 1155 prav
1052 1087 1105 1139 le
1144 1101 1247 1140 ena
1286 1085 1598 1154 pokrajina.
1649 1084 1871 1139 Glavno
1924 1089 2102 1137 mesto
2154 1082 2485 1150 Beneskega

165 1175 223 1243 Je
263 1175 343 1228 bil
381 1174 497 1243 prej
540 1174 721 1245 Oglej,
758 1175 909 1242 sedaj
934 1172 975 1245 ²)
1015 1190 1086 1243 pa
1120 1174 1176 1240 je
1216 1159 1421 1228 Cedad.

350 1264 557 1318 Alboin
590 1262 648 1331 je
687 1264 930 1332 postavil
970 1262 1066 1318 &ez
1107 1248 1297 1317 Cedad
1336 1263 1392 1316 in
1431 1261 1675 1331 njegovo
1715 1261 1948 1316 okolioo
1996 1259 2230 1329 svojega
2269 1259 2485 1314 neoaka

169 1351 465 1423 Gisulfa,⁸)
506 1353 567 1405 ki
602 1352 659 1419 J'e
698 1353 777 1406 bil
815 1353 931 1406 tudi
970 1352 1176 1420 niegov
1214 1352 1435 1406 marsal.
1453 1351 1497 1415 ⁸)
1554 1352 1638 1406 Ta
1677 1351 1727 1406 si
1772 1349 1828 1417 je
1867 1366 1898 1404 z
1937 1349 2312 1416 dovoljenJ‘em
2351 1366 2487 1404 svo-

168 1442 298 1511 jega
337 1441 519 1509 kralja
559 1442 738 1496 izmed
779 1441 1186 1510 Langobardov
1225 1441 1401 1494 izbral
1427 1440 1530 1494 veo
1569 1441 1842 1509 posebnih
1881 1440 2120 1494 rodovin
2147 1439 2222 1493 ali
2247 1435 2486 1508 farov,⁵)

173 1532 366 1585 katere
404 1530 493 1598 naj
537 1531 594 1585 bi
632 1530 663 1584 Ξ
702 1530 837 1598 njim
889 1532 1188 1600 prebivale.
1238 1530 1386 1585 Nato
1428 1529 1485 1596 je
1524 1532 1709 1598 postal
1762 1529 2045 1583 furlanski
2083 1528 2342 1595 vojvoda.
2401 1528 2487 1583 Od

169 1620 403 1690 svojega
442 1620 626 1688 kralja
666 1621 717 1675 si
751 1620 806 1687 J'e
845 1621 1078 1689 izprosil
1118 1619 1246 1674 cred
1287 1619 1607 1688 plemenitih
1642 1619 1801 1673 kobil
1827 1625 1910 1672 ter
1931 1617 1987 1685 je
2014 1619 2093 1672 bil
2118 1619 2233 1672 tudi
2259 1618 2488 1672 uslisan.

347 1711 516 1762 Pauli
567 1712 797 1763 diaconi
846 1711 993 1763 Hist.
1026 1711 1303 1775 Langob.‚
1347 1709 1406 1779 ll,
1446 1726 1486 1763 c.
1516 1709 1563 1762 8.
1605 1707 1771 1778 (ΜΘ,
1815 1708 1901 1761 SS.
1943 1725 2036 1762 rer.
2068 1709 2322 1775 Langob.‚
2366 1706 2486 1777 76):

177 1798 370 1866 „Igitur
409 1816 532 1849 cum
573 1815 661 1848 rex
700 1800 896 1849 Alboin
939 1816 1059 1849 cum
1104 1801 1250 1849 omni
1291 1815 1389 1848 suo
1433 1800 1658 1848 exercitu
1690 1798 1943 1866 vulgique
1987 1799 2274 1864 promiscui
2306 1798 2485 1847 multi—

171 1889 352 1938 tudine
405 1889 470 1938 ad
522 1900 779 1938 extremos
835 1888 1008 1938 Italiae
1047 1886 1178 1937 fines
1218 1890 1554 1954 pervenisset,
1612 1898 1851 1936 montem
1893 1889 1983 1954 qui
2027 1889 2079 1935 in
2121 1887 2315 1935 eisdem
2359 1887 2487 1936 locis

170 1980 437 2044 prominet
476 1979 722 2047 ascendit,
763 1978 1005 2046 indeque,
1045 1988 1204 2043 prout
1242 1979 1544 2042 conspicere
1584 1978 1776 2042 potuit,
1818 1987 2017 2041 partem
2048 1975 2221 2025 Italiae
2250 1986 2485 2025 contem-

171 2066 343 2132 platus
384 2078 476 2120 est.
519 2065 625 2126 Qui
668 2083 823 2116 mons
864 2077 1077 2132 propter
1115 2065 1267 2124 hanc,
1311 2076 1368 2115 ut
1407 2064 1582 2133 fertur,
1622 2081 1836 2114 causam
1874 2081 1934 2114 ex
1955 2081 2018 2114 eo
2048 2075 2286 2130 tempore
2328 2082 2483 2115 mons

170 2153 324 2221 Regis
349 2156 639 2222 appellatus
667 2165 756 2204 est.
798 2154 1010 2218 Ferunt,
1040 2158 1091 2203 in
1115 2153 1220 2222 =hoc
1248 2163 1428 2203 monte
1456 2154 1686 2203 bisontes
1716 2151 1846 2203 feras
1873 2156 2102 2206 enutriri,
2137 2153 2245 2203 Nec
2273 2156 2483 2222 mirum,

170 2259 291 2293 cum
347 2260 515 2312 usque
562 2243 666 2293 huc
715 2243 1039 2294 Pannoniam
1084 2246 1357 2310 pertingat,
1414 2259 1549 2310 quae
1590 2241 1783 2291 horum
1827 2244 2174 2292 animantium
2217 2241 2356 2291 ferax
2396 2253 2486 2295 est.

171 2330 411 2399 Denique
462 2334 638 2382 retulit
689 2332 816 2381 mihi
873 2333 1090 2400 quidam
1143 2334 1502 2381 veracissimus
1542 2347 1713 2391 senex,
1756 2331 1854 2380 tale
1894 2328 1909 2401 ΙΙ
1949 2348 2002 2380 se
2044 2333 2247 2381 corium
2290 2333 2342 2379 in
2382 2329 2484 2381 hoc
2553 2364 2565 2377 .
2651 2364 2661 2376 .

172 2432 353 2470 monte
396 2423 552 2471 occisi
593 2423 812 2471 bisontis
853 2421 1057 2490 vidisse,
1107 2423 1155 2469 in
1199 2437 1307 2487 quo
1350 2420 1670 2487 quindecim,
1722 2429 1778 2468 ut
1818 2421 2000 2489 aiebat,
2038 2419 2298 2479 homines,
2346 2437 2482 2470 unus

170 2510 311 2558 iuxta
353 2511 513 2558 alium
555 2512 814 2576 potuisset
852 2507 1090 2561 cubare.“
1655 2542 1659 2546 -

346 2597 473 2651 Ibid.
498 2615 538 2648 c.
565 2615 613 2664 9.
637 2600 750 2660 (Lc.
777 2617 826 2666 p.
854 2615 941 2668 77,
980 2596 1098 2667 78):
1145 2597 1411 2666 „Indeque
1451 2598 1647 2646 Alboin
1690 2613 1809 2646 cum
1862 2596 2109 2647 Venetiae
2149 2595 2294 2655 fines,
2348 2614 2483 2665 quae

173 2689 340 2752 prima
382 2698 457 2737 est
497 2687 669 2738 Italiae
695 2690 979 2755 provincia,
1017 2690 1127 2736 sine
1157 2688 1334 2754 aliquo
1366 2687 1655 2754 obstaculo,
1695 2685 1796 2735 hoc
1838 2697 1913 2735 est
1954 2689 2170 2735 civitatis
2197 2687 2276 2735 vel
2306 2689 2484 2752 potius

172 2778 323 2825 castri
379 2775 682 2826 Foroiulani
721 2774 986 2826 ‘terminos
1039 2777 1313 2843 introisset,
1369 2774 1690 2840 perpendere
1747 2777 1937 2840 coepit,
2000 2777 2082 2824 cui
2144 2777 2479 2840 potissimum

175 2866 399 2928 primam
450 2867 838 2930 provinciarum
892 2882 1050 2932 quam
1102 2875 1306 2930 ceperat
1347 2866 1674 2912 committere
1715 2863 1939 2916 deberet.
1995 2863 2268 2931 Siquidem
2310 2866 2484 2913 omnis

177 2950 335 3017 ltalia,
383 2970 519 3020 quae
565 2970 744 3004 versus
786 2954 1054 3002 meridiem
1099 2954 1177 3002 vel
1219 2955 1396 3017 potius
1438 2955 1486 3000 in
1531 2967 1718 3000 eorum
1760 2953 2068 3020 extenditur,
2113 2951 2334 3020 Tyrreni
2377 2955 2483 3002 sive

176 3040 421 3091 Adriatici
463 3045 618 3092 maris
659 3041 903 3093 fluctibus
944 3043 1185 3099 ambitur,
1229 3042 1292 3090 ab
1335 3041 1557 3090 occiduo
1599 3056 1721 3090 vero
1752 3051 1801 3089 et
1829 3041 2078 3108 aquilone
2105 3043 2238 3108 iugis
2264 3041 2481 3106 Alpium

178 3130 245 3178 ita
285 3132 729 3191 circumcluditur,
772 3143 830 3181 ut
870 3134 966 3181 nisi
1007 3146 1099 3197 per
1133 3142 1383 3197 angustos
1411 3141 1614 3179 meatus
1638 3140 1687 3179 et
1713 3145 1805 3194 per
1831 3146 2040 3178 summa
2070 3132 2189 3196 iuga
2218 3133 2482 3179 montium

175 3233 283 3267 non
325 3220 491 3284 possit
528 3219 716 3269 habere
746 3222 1047 3286 introitum3
1090 3220 1152 3267 ab
1183 3218 1418 3268 orientali
1446 3233 1567 3267 vero
1595 3228 1754 3286 parte,
1795 3235 1898 3285 qua
1929 3217 2230 3267 Pannoniae
2261 3220 2481 3267 coniun-

176 3308 330 3373 gitur,
356 3319 406 3357 et
431 3309 621 3375 largius
650 3320 915 3374 patentem
944 3319 993 3357 et
1018 3309 1386 3374 planissimum
1415 3306 1568 3355 habet
1597 3309 1903 3372 ingressum.
1944 3306 2119 3373 Igitur,
2163 3317 2220 3355 ut
2241 3307 2483 3374 diximus,

359 3452 391 3505 ¹)
421 3454 491 3498 Ta
525 3454 663 3499 sirok
695 3455 742 3498 in
774 3466 923 3499 raven
954 3453 1083 3498 vhod
1109 3455 1160 3509 je
1193 3454 1390 3509 sedanja
1422 3453 1672 3509 Vipavska
1704 3453 1877 3498 dolina.
1913 3454 1983 3498 Po
2017 3454 2170 3498 Paulu
2202 3454 2404 3499 diaconu
2430 3456 2482 3510 je

176 3526 376 3581 spadalo
409 3528 656 3583 Kranjsko
687 3540 829 3572 razen
861 3528 1169 3584 Vipavskega
1201 3527 1235 3570 k
1268 3526 1503 3580 Panoniji.

356 3603 389 3652 ²)
421 3601 495 3645 To
529 3603 573 3653 ie
604 3603 775 3660 takrat,
807 3604 871 3646 ko
902 3604 949 3657 je
983 3601 1164 3645 Paulus
1196 3601 1428 3644 diaconus
1458 3600 1610 3656 spisal
1642 3603 1785 3655 svojo
1819 3602 2088 3656 zgodovino
2114 3602 2481 3661 Langobardov,

174 3673 299 3729 tedaj
334 3687 367 3718 v
398 3675 535 3730 drugi
566 3675 777 3731 polovici
809 3687 1004 3731 osmega
1038 3674 1242 3730 stoletja.

357 3747 390 3804 ⁸)
420 3749 622 3804 Mogoce
653 3762 728 3806 pa,
759 3750 818 3793 da
849 3755 899 3793 to
931 3750 980 3792 ni
1012 3749 1079 3792 bil
1112 3748 1287 3802 Gisulf,
1319 3750 1474 3791 temuc'
1504 3749 1682 3802 njegov
1713 3748 1799 3792 oce
1831 3748 2043 3793 Grasulf.

354 3820 389 3877 ⁴}
420 3822 665 3879 Marpahis
696 3823 758 3866 ali
790 3822 1074 3885 marepahis,
1122 3821 1467 3877 langobardski
1500 3821 1638 3877 izraz‚
1671 3822 1933 3877 sestavljen
1967 3824 2160 3879 najbrie
2192 3824 2233 3867 iz
2265 3836 2392 3868 mar
2424 3844 2478 3859 =

177 3894 294 3951 konj
327 3895 377 3939 in
407 3896 599 3952 pahis
631 3916 685 3940 ==.
719 3896 881 3954 decek‚
914 3899 1013 3952 paz.
1046 3895 1289 3951 Marpahis
1321 3894 1380 3938 ali
1414 3900 1591 3938 strator
1615 3896 1667 3950 je
1699 3894 1765 3938 bil
1797 3895 1997 3950 konjski
2018 3897 2186 3951 varuh‚
2218 3897 2481 3941 nadzornik

176 3968 293 4025 konj
327 3969 376 4013 in
407 3969 599 4015 hlevov.

358 4042 390 4099 ⁸)
421 4043 558 4101 Fara,
599 4044 941 4100 langcbardski
989 4044 1125 4100 izraz,
1172 4043 1222 4086 ki
1270 4043 1491 4098 pomenja
1531 4042 1767 4087 rodovino
1800 4044 1863 4087 ali
1895 4049 2044 4089 vrsto.
2094 4044 2265 4089 Besedi
2299 4045 2399 4088 fara
2432 4045 2479 4087 in

178 4115 330 4160 baron
360 4116 502 4162 imata
532 4118 626 4163 isto
659 4118 911 4162 koreniko.
