2872 4504
1319 243 1386 299 St.
1420 258 1518 298 254.
2465 256 2549 296 287

1845 320 2551 340 m

248 441 325 479 est
390 428 608 491 Eamus,
667 445 853 478 eorum
907 429 1152 480 fidelitate
1207 432 1336 480 bene
1390 433 1543 480 nobis
1592 426 1732 481 erit.“
1777 427 1922 489 Quid
1961 426 2168 480 dicam?
2209 427 2286 480 Ut
2326 430 2548 487 obtabat,

249 517 497 570 fecerunt.
539 517 606 566 Et
646 529 821 567 tamen
864 535 1049 568 eorum
1092 518 1315 569 Carolus
1355 522 1576 568 servavit
1613 513 1972 584 honorem.“¹)

424 606 756 656 Monachus
818 606 1217 671 Sangallensis
1276 609 1346 659 de
1411 607 1628 659 Carolo
1690 607 1918 671 Magno,
1977 605 2062 656 lib.
2114 603 2173 673 II,
2212 616 2262 654 cy
2290 622 2349 672 17
2390 605 2550 677 (Jaffe,
2580 617 2627 661 P·
2659 608 2760 652 693.

245 694 376 746 Bibl.
424 709 518 743 rer.
565 692 760 760 Germ,
816 693 901 762 IV,
959 712 1009 760 p.
1039 700 1161 760 693,
1206 693 1363 763 694):
1409 695 1574 764 „Exin
1628 696 1693 744 ad
1734 695 1980 744 ulteriora
2020 708 2348 764 progressus,
2405 700 2547 746 venit

246 784 667 849 religiosissimus
692 782 917 831 Karolus
959 784 1022 831 ad
1050 785 1234 832 urbem
1264 783 1618 842 Furiolanam‚
1661 799 1838 851 quam,
1882 784 1973 849 qui
2002 781 2097 831 sibi
2126 784 2271 832 scioli
2296 785 2551 843 videntur,

246 870 443 921 Forum
487 869 763 919 Iuliensem
809 883 1132 936 nuncupant.
1154 869 1390 937 Contigit
1429 884 1622 928 autem,
1667 883 1725 922 ut
1767 872 1955 921 eodem
1988 880 2228 936 tempore
2270 873 2551 939 episcopus

246 962 463 1010 civitatis
504 959 641 1008 illius
683 970 786 1017 aut,
831 971 888 1008 ut
929 960 1310 1009 modernorum
1351 961 1542 1028 loquar
1581 961 1979 1019 consuetudine,
2022 959 2311 1026 patriarcha
2348 966 2554 1012 occasui

247 1050 380 1098 vitae
435 1049 829 1114 propinquaret.
884 1048 967 1096 Ad
1008 1065 1167 1115 quem
1209 1065 1332 1098 cum
1374 1051 1796 1115 religiosissimus
1840 1049 2065 1099 Karolus
2108 1051 2348 1099 visitandi
2391 1053 2552 1116 gratia

246 1147 567 1204 properaret,
609 1147 666 1184 ut
705 1151 1060 1185 successorem
1100 1153 1260 1185 suum
1302 1153 1363 1186 ex
1385 1139 1601 1186 nomine
1625 1138 1894 1204 designare
1936 1137 2160 1194 deberet,
2205 1138 2288 1186 ille
2317 1137 2555 1206 religiose

247 1225 562 1292 admodum,
602 1240 663 1272 ex
704 1226 822 1272 imis
862 1226 1177 1290 praecordiis
1217 1228 1439 1291 suspiria
1479 1225 1708 1275 trahens:
1741 1226 2059 1295 „Domine“‚
2086 1227 2272 1294 inquit,
2318 1230 2557 1295 „episco-

245 1325 428 1381 patum
470 1316 647 1377 istum,
686 1309 701 1382 ΙΙ
740 1313 830 1362 diu
871 1316 981 1362 sine
1022 1315 1195 1381 aliqua
1248 1315 1467 1364 utilitate
1524 1315 1606 1364 vel
1668 1313 1907 1381 profectu
1966 1315 2220 1381 spirituali
2271 1325 2548 1375 retentum,
2581 1328 2627 1372 p.
2660 1318 2763 1364 694.

249 1404 445 1451 iudicio
490 1402 669 1450 divino
714 1413 764 1450 et
803 1413 998 1450 vestrae
1039 1402 1370 1468 dispositioni
1406 1403 1670 1470 relinqu03
1712 1420 1776 1451 ne
1805 1404 1870 1452 ad
1897 1403 2175 1452 cumulum
2203 1414 2556 1469 peccatorum,

248 1508 411 1558 quem
450 1492 630 1539 vivens
671 1492 989 1556 exaggeravi,
1045 1492 1201 1539 etiam
1244 1501 1486 1540 mortuus
1527 1492 1727 1559 aliquid
1767 1494 2116 1558 superinicere
2158 1493 2298 1559 apud
2341 1495 2558 1542 inevita-

248 1579 406 1628 bilem
467 1589 517 1628 et
571 1578 1078 1644 incorrumpendum
1150 1580 1375 1628 iudicem
1439 1578 1847 1645 deprehendar.“
1915 1579 2077 1641 Quod
2142 1583 2556 1646 sapientissimus

250 1668 475 1717 Karolus
517 1669 584 1716 ita
626 1669 838 1732 accepit,
902 1678 959 1716 ut
998 1683 1120 1717 cum
1162 1670 1390 1736 antiquis
1431 1669 1664 1734 patribus
1706 1685 1813 1718 non
1855 1671 2097 1719 inmerito
2140 1671 2550 1738 coaequandum

248 1757 566 1807 iudicaverit.

426 1858 567 1910 Cum
622 1870 797 1909 autem
853 1863 903 1908 in
958 1861 1138 1909 eadem
1182 1863 1394 1928 regione
1436 1862 1816 1929 aliquantisper
1851 1862 2154 1912 demoratus
2196 1861 2378 1913 fuisset
2418 1879 2555 1913 exer-

253 1951 587 1999 citatissimus
613 1950 1156 1998 exercitatissimorum
1189 1948 1512 1999 Francorum
1539 1950 1779 2019 KaroluS,
1806 1951 1974 2000 donec
1997 1953 2249 2017 episcopo
2273 1952 2555 2001 decedente

247 2038 468 2105 dignum
523 2040 567 2086 ei
625 2053 982 2087 successorem
1039 2035 1435 2106 substitueret,²)
1477 2040 1706 2107 quadam
1760 2037 1940 2090 festiva
1992 2040 2074 2088 die
2117 2051 2237 2106 post
2277 2043 2557 2099 missarum

248 2127 649 2177 celebrationem
691 2127 816 2175 dixit
855 2127 920 2175 ad
960 2143 1108 2179 suos:
1157 2127 1266 2189 „Ne
1308 2130 1416 2177 otio
1471 2139 1736 2194 torpentes
1778 2119 1841 2177 ad
1884 2131 2144 2195 ignaviam
2187 2131 2553 2196 perducamur,

249 2232 430 2265 eamus
488 2225 758 2284 venatum,
815 2216 984 2265 donec
1044 2216 1242 2284 aliquid
1302 2219 1601 2285 capiamus3
1653 2227 1703 2266 et
1755 2219 1946 2284 singuli
2008 2220 2060 2267 in
2122 2219 2311 2267 eodem
2373 2217 2554 2269 habitu

250 2319 547 2371 pergamus,
590 2321 696 2372 quo
718 2321 858 2354 nunc
880 2305 1046 2354 induti
1080 2307 1283 2357 sumus.
1319 2305 1476 2366 „Erat
1504 2317 1682 2355 autem
1705 2305 1987 2376 ymbrifera
2015 2308 2124 2356 dies
2151 2318 2199 2356 et
2225 2306 2407 2376 frigida
2429 2345 2442 2358 .
2461 2349 2501 2363 ..
2522 2307 2549 2334 “

250 2391 477 2461 (Pisatelj
532 2393 879 2460 pripoveduje
919 2404 1062 2461 nato,
1102 2393 1236 2443 kako
1279 2395 1324 2459 je
1365 2411 1431 2444 na
1471 2395 1597 2444 lovu
1639 2395 1734 2444 dei
1774 2394 2046 2458 kraljevim
2088 2396 2404 2446 dvornikom
2457 2414 2552 2465 po-

42 2550 51 2561 ,
250 2480 413 2531 kvaril
466 2481 577 2547 njih
632 2483 930 2549 dragoceno
987 2482 1194 2552 obleko,
1247 2499 1275 2532 a
1332 2485 1590 2550 priprosta
1643 2483 1829 2534 obleka
1870 2484 2028 2551 kralja
2071 2485 2262 2535 Karola
2305 2487 2349 2541 ie
2392 2487 2555 2536 ostala

6 2612 9 2636 ‚
39 2603 43 2637 5
251 2567 737 2637 neposkodovana.)

427 2673 610 2726 Poeta
673 2674 848 2738 SaXO,
911 2691 956 2725 a.
1005 2674 1128 2741 776,
1188 2675 1274 2727 lib.
1314 2674 1349 2733 Ι,
1391 2692 1439 2727 v,
1492 2675 1772 2740 265—281
1822 2674 1989 2746 (Jaffe,
2044 2676 2172 2730 Bibl.
2216 2693 2311 2730 rer.
2356 2677 2552 2738 Germ„

5 2765 50 2803 ἰ”
252 2760 336 2815 IV.
384 2759 536 2832 552):

331 2956 380 2992 v,
421 2938 541 3004 265.
584 2937 867 3008 „Cumque
908 2940 1133 2990 domum
1173 2941 1375 2989 rediens
1415 2943 1657 3007 princeps
1697 2939 1785 3010 (sc.
1815 2940 2051 3008 Carolus)
2095 2946 2190 2994 iter
2229 2946 2556 3015 acceleraret,

464 3026 467 3027 ⁷
585 3026 875 3095 Comperit,
917 3031 1167 3078 Ausoniis
1208 3031 1257 3078 in
1301 3029 1533 3095 partibus
1574 3046 1682 3080 esse
1723 3033 1988 3081 tirannum

585 3117 814 3167 Nomine
854 3118 1259 3186 Hrodgaudum,
1299 3133 1436 3167 nova
1476 3121 1567 3186 qui
1609 3119 1884 3170 molimina
1923 3131 2183 3187 temptans

585 3205 709 3266 Nec,
751 3223 912 3274 quem
954 3222 1040 3255 rex
1080 3207 1150 3256 illi
1192 3207 1419 3274 dederat,
1458 3217 1735 3257 contentus
1775 3207 1994 3278 honore,

590 3294 762 3344 Italiae
803 3296 966 3344 latum
1007 3295 1177 3345 voluit
1215 3297 1310 3345 sibi
1350 3296 1570 3344 subdere
1613 3311 1851 3363 regnum.

434 3452 466 3511 ¹)
499 3454 600 3500 Kar
629 3467 740 3500 nam
773 3455 958 3512 pisatelj
987 3469 1019 3500 v
1042 3462 1136 3500 tem
1161 3455 1402 3499 odstavku
1434 3455 1762 3514 pripoveduje,
1786 3459 1839 3513 je
1859 3457 2049 3503 nekaka
2069 3459 2321 3517 anekdota,
2345 3473 2378 3504 v
2397 3460 2550 3505 kateri

255 3539 313 3572 so
346 3528 559 3573 nekateri
590 3529 802 3586 dogodki
834 3531 875 3572 iz
906 3529 999 3574 leta
1033 3534 1133 3574 774.
1155 3529 1343 3585 spojeni
1375 3543 1399 3572 z
1431 3521 1633 3585 drugimi
1664 3531 1705 3573 iz
1736 3530 1829 3575 leta
1862 3536 1958 3576 776.

433 3600 466 3657 ²)
498 3603 766 3647 Monachus
798 3602 1126 3659 Sangallensis
1150 3604 1202 3658 je
1233 3603 1340 3646 med
1386 3603 1530 3647 letom
1562 3608 1662 3648 884.
1687 3603 1736 3647 in
1761 3609 1858 3648 887.
1883 3605 2040 3661 opisal
2070 3607 2296 3652 nekatere
2328 3607 2549 3663 dogodke

253 3674 296 3718 iz
342 3674 564 3731 iivljenja
610 3676 789 3720 Karola
821 3677 1066 3734 Velikega‚
1113 3688 1140 3720 a
1186 3676 1248 3720 ob
1297 3688 1432 3720 enem
1478 3689 1538 3732 pa
1571 3677 1746 3733 vpletel
1778 3691 1809 3722 v
1841 3680 1949 3734 svoj
1999 3680 2104 3736 spis
2134 3683 2221 3725 vec
2252 3682 2547 3736 neverjetnih

253 3747 474 3793 anekdot.
510 3749 551 3792 V
571 3751 730 3805 zgoraj
764 3751 1030 3795 navedenih
1061 3750 1255 3795 stavkih
1286 3763 1394 3793 nam
1439 3750 1767 3807 pripoveduje‚
1806 3752 1864 3796 da
1894 3754 1946 3807 je
1981 3753 2048 3797 bil
2069 3754 2276 3798 takratni
2300 3755 2544 3812 (oglejski)

255 3821 465 3876 patriarh
495 3822 640 3866 bolan
671 3823 720 3866 in
751 3824 810 3867 da
842 3836 900 3868 so
931 3824 1229 3879 pricakovali
1271 3826 1479 3879 njegovo
1523 3830 1662 3882 smrt3
1710 3825 1770 3869 da
1800 3826 1847 3869 bi
1880 3826 1945 3870 bil
1975 3839 2037 3883 pa
2067 3842 2100 3872 v
2131 3829 2289 3873 tistem
2322 3834 2436 3874 casu
2467 3842 2547 3874 res

255 3894 393 3952 umrl‚
422 3900 529 3951 tega
559 3896 637 3941 vir
667 3908 726 3941 ne
757 3899 958 3953 omenja.
992 3898 1192 3953 Mogoee
1216 3899 1281 3953 je,
1314 3898 1371 3941 da
1396 3899 1448 3951 je
1480 3897 1546 3940 bil
1577 3898 1783 3943 takratni
1816 3900 2023 3955 patriarh
2053 3901 2084 3947 1.
2103 3906 2203 3949 776.
2227 3903 2355 3947 hudo
2387 3904 2546 3961 holan,

255 3978 283 4011 a
307 3969 359 4023 je
389 3974 549 4024 potem
580 3970 781 4015 okreval
812 3977 883 4015 ter
914 3972 967 4015 se
999 3972 1044 4015 le
1074 3971 1167 4015 leta
1200 3976 1299 4015 787.
1325 3971 1463 4015 umrl.
1514 3971 1636 4015 Tudi
1661 3972 1713 4026 je
1745 3976 2035 4033 neverjetno‚
2076 3977 2166 4020 kar
2211 3990 2320 4021 nam
2352 3979 2440 4022 nas
2472 3978 2548 4022 vir

255 4041 583 4100 pripoveduje‚
615 4044 674 4088 da
705 4056 759 4088 se
783 4046 835 4100 je
865 4045 988 4101 kralj
1025 4045 1173 4088 Karol
1219 4044 1448 4088 nekoliko
1490 4046 1600 4089 casa
1632 4045 1778 4090 mudil
1811 4060 1842 4091 v
1874 4035 2067 4094 Cedadu
2099 4061 2125 4094 s
2155 4055 2249 4095 tem
2279 4063 2547 4109 namenom,

255 4114 343 4159 ker
365 4117 417 4171 je
447 4116 598 4175 bahal,
629 4118 689 4162 da
720 4118 768 4163 bi
799 4119 1009 4175 patriarh
1043 4119 1165 4162 umrl
1198 4118 1244 4162 in
1276 4118 1334 4162 da
1366 4118 1413 4161 bi
1445 4130 1523 4162 mu
1555 4125 1712 4174 potem
1745 4121 1953 4175 postavil
1984 4122 2278 4168 naslednika.
