2872 4504
188 1143 199 1156 .
234 1116 304 1156 12.

192 3016 200 3025 .
233 2985 308 3027 13.

338 235 422 275 234
1381 221 1447 275 St.
1481 236 1580 277 190.

332 410 394 457 de
436 409 576 458 Italia
617 408 871 475 fugientes
913 421 962 459 et
1001 411 1285 458 nescientes
1324 410 1483 470 viam,
1526 421 1575 458 et
1613 420 1867 459 venerunt
1905 426 1996 476 per
2034 413 2168 460 viam
2211 427 2303 476 per
2342 413 2622 478 cisalpinos

334 508 554 565 montes,
595 509 645 546 et
685 499 833 546 illum
874 500 1046 546 virum
1088 507 1344 564 sanctum,
1385 513 1507 546 cum
1548 498 1766 547 errando
1822 513 1912 563 per
1952 509 2158 548 montes
2200 499 2356 566 ibant,
2410 501 2621 548 invene·

331 595 466 641 runt,
510 587 853 649 precipientes
894 587 953 643 ei,
997 595 1054 633 ut
1093 584 1191 632 illis
1232 585 1337 632 dux
1379 586 1571 632 itineris
1612 596 1759 634 esset.
1803 584 1892 634 Ille
1931 601 2054 634 vero
2097 588 2171 634 vir
2210 597 2418 636 sanctus
2440 597 2623 636 votum

331 671 443 720 Deo
485 688 581 720 suo
624 670 818 721 factum
858 671 1056 731 habuit,
1085 688 1150 720 ne
1191 672 1252 720 ab
1294 672 1377 720 illa
1418 681 1577 737 specu
1618 674 1766 720 vivus
1806 673 2080 740 recederet,
2119 689 2226 722 non
2254 674 2350 721 illis
2379 676 2626 740 aquievit.

332 759 405 807 Illi
446 774 568 807 vero
612 757 966 807 nefandissimi
1006 758 1109 808 hoc
1150 759 1418 807 audientes
1461 759 1708 825 indignati
1758 771 1880 809 sunt
1931 760 2079 808 valde
2137 771 2186 809 et
2240 759 2413 810 furore
2454 763 2619 810 nimio

330 847 506 912 repleti
549 845 785 896 fecerunt
824 850 999 913 ignem
1041 847 1284 901 succendi
1328 849 1611 914 ipsumque
1651 850 1823 896 virum
1863 859 2103 897 sanctum
2143 849 2282 913 ligna
2335 847 2522 898 vehere
2574 860 2624 898 et

332 938 504 1000 ipsum
548 938 725 983 vivum
769 952 890 984 cum
932 937 1042 1000 ipsa
1083 938 1324 1002 congerie
1365 936 1629 1001 lignorum
1673 936 2017 984 incendebant
2056 952 2286 1003 eumque
2343 939 2393 984 in
2448 936 2623 985 medio

332 1034 637 1088 posuerunt.
677 1023 790 1072 Hac
829 1024 893 1072 de
934 1039 985 1071 re
1026 1026 1183 1072 vitam
1224 1021 1392 1072 finivit
1429 1022 1572 1072 XVII
1593 1023 1639 1075 k.
1678 1024 2081 1074 decembrium.¹·

512 1111 780 1175 Legenda
832 1126 908 1163 ss‚
946 1111 1157 1162 Marini
1216 1118 1270 1162 et
1318 1111 1577 1161 Anniani
1633 1109 1734 1180 (ed.
1774 1111 1828 1163 B.
1868 1110 2024 1178 Sepp,
2077 1129 2126 1177 p.
2164 1126 2239 1173 12,
2288 1107 2391 1178 13):
2436 1110 2629 1179 „Igitur

330 1200 683 1249 crudelissima
722 1216 849 1265 gens
889 1198 1274 1248 Wandalorum
1317 1200 1501 1248 eadem
1540 1210 1846 1264 tempestate
1887 1200 2177 1248 idolatriam
2200 1197 2238 1263 ¹)
2296 1200 2471 1248 colens
2527 1201 2628 1248 ritu

329 1303 654 1354 paganorum
697 1288 760 1336 de
801 1289 1013 1353 propria
1055 1289 1324 1352 egrediens
1380 1290 1543 1353 patria
1595 1289 1751 1353 longe
1807 1287 2014 1354 lateque
2070 1288 2219 1353 plura
2270 1287 2628 1336 desiderabilia

329 1377 443 1425 loca
485 1387 767 1424 vastaverat
807 1377 857 1423 in
901 1378 1159 1441 provintia
1197 1375 1449 1427 Bawaria.
1493 1375 1671 1435 Quam
1712 1377 2124 1442 circumquaque
2164 1390 2469 1441 percurrens
2511 1390 2627 1440 per-

329 1466 470 1513 venit
509 1466 662 1512 etiam
704 1464 767 1512 ad
809 1464 990 1513 cellam
1032 1466 1191 1513 sancti
1233 1463 1436 1530 Marini,
1475 1480 1637 1531 quem
1679 1458 1903 1530 repperit
1955 1464 2028 1512 nil
2083 1463 2327 1512 hostilem
2371 1464 2629 1513 incursio·

329 1569 450 1601 nem
494 1551 864 1601 formidantem
907 1554 1100 1601 intente
1157 1549 1338 1601 officiis
1380 1555 1612 1601 assistere
1653 1553 1943 1601 serviminis
1983 1552 2159 1602 divini.
2226 1549 2376 1601 Unde
2434 1549 2631 1599 feroces

329 1640 571 1691 homines
611 1642 775 1689 nimio
817 1643 1057 1690 concitati
1099 1639 1274 1690 furore
1315 1651 1554 1690 sanctum
1596 1643 1765 1690 virum
1805 1641 2119 1689 studuerunt
2157 1642 2387 1688 maximo
2429 1649 2630 1704 pertur-

331 1731 448 1778 bare
489 1729 686 1781 dolore.
728 1726 923 1778 Omnia
964 1745 1194 1795 namque
1236 1730 1347 1778 eius
1387 1729 1624 1778 utensilia
1682 1730 1922 1794 primitus
1977 1727 2322 1793 despoliando
2377 1726 2634 1775 violenter

331 1819 375 1866 ei
416 1817 737 1866 abstulerunt
777 1833 1008 1883 moxque
1050 1817 1219 1885 illum,
1259 1827 1317 1866 ut
1356 1814 1623 1866 Christum
1665 1826 1889 1884 negaret,
1914 1816 2152 1882 plurimis
2186 1817 2460 1864 tormentis
2487 1829 2627 1863 com·

330 1905 518 1971 pellere
559 1905 887 1955 studuerunt.
938 1905 1158 1955 Diutinis
1199 1921 1321 1954 vero
1365 1906 1511 1954 illum
1541 1906 1838 1954 verberibus
1866 1902 2164 1970 affligebant
2190 1914 2479 1970 posteaque
2506 1918 2628 1951 eum

330 1995 462 2042 sevis
504 1994 818 2059 ungularum
862 1994 1264 2054 lacerationibus
1307 1994 1488 2043 eculeo
1530 2010 1845 2060 suspensum
1890 2009 2057 2060 usque
2099 1993 2163 2041 ad
2205 1993 2494 2041 nuditatem
2548 2006 2633 2040 co-

330 2092 523 2131 starum
567 2082 1004 2147 constringebant.
1045 2081 1264 2131 Sanctus
1306 2093 1480 2131 autem
1523 2084 1599 2130 vir
1639 2084 1770 2131 inter
1809 2091 1975 2131 tantas
2017 2096 2214 2146 poenas
2255 2080 2412 2129 corde
2454 2090 2504 2128 et
2544 2093 2632 2127 ore

330 2169 599 2220 Christum
642 2169 912 2220 confessus
971 2169 1116 2219 hilari
1163 2181 1335 2219 mente
1378 2170 1505 2219 illud
1547 2168 1920 2236 psalmigraphi
1941 2164 1983 2224 ’Ἴ
2026 2184 2234 2218 carmen
2278 2168 2512 2217 Domino
2554 2182 2635 2216 ca-

333 2261 485 2308 nebat
537 2256 847 2310 indefessus:
907 2258 1205 2326 „Dominus
1262 2257 1386 2306 mihi
1441 2259 1649 2308 adiutor
1705 2275 1812 2307 non
1868 2257 2085 2319 timebo,
2143 2257 2268 2324 quid
2314 2254 2468 2305 faciat
2508 2253 2633 2302 mihi

333 2346 531 2397 homo“
578 2357 628 2396 et
668 2347 882 2414 reliqua.
911 2347 1030 2395 Illos
1072 2349 1245 2415 etiam,
1285 2350 1373 2414 qui
1417 2364 1470 2396 se
1512 2347 1830 2407 cruciabant,
1872 2348 1994 2395 totis
2022 2347 2221 2395 nisibus
2246 2346 2311 2394 ad
2342 2343 2636 2393 Dominum

332 2446 630 2486 convertere
671 2436 995 2503 desideravit,
1035 2436 1227 2502 quibus
1267 2437 1486 2484 verbum
1528 2436 1706 2484 salutis
1748 2445 2046 2484 constanter
2085 2436 2233 2501 quasi
2274 2433 2347 2482 nil
2390 2430 2511 2481 mali
2551 2448 2637 2481 su·

331 2527 526 2574 stinens
579 2524 904 2590 praedicavit.
960 2523 1061 2574 Sed
1106 2525 1252 2573 nullo
1295 2525 1459 2574 modo
1500 2525 1694 2572 durum
1737 2539 1921 2573 eorum
1975 2538 2065 2572 cor
2105 2534 2154 2572 et
2210 2523 2502 2588 inpenitens
2542 2536 2635 2586 po·

331 2615 427 2663 tuit
465 2611 739 2661 salutiferis
781 2613 1029 2664 doctrinis
1070 2613 1326 2674 emollire,
1369 2615 1458 2680 qui
1504 2623 1560 2662 ut
1598 2613 1871 2678 apostolus
1889 2608 1930 2679 ⁸)
1971 2613 2042 2661 ait
2085 2611 2212 2678 „sibi
2254 2609 2636 2659 thesaurizave-

333 2713 454 2751 runt
505 2704 630 2750 iram
686 2703 736 2749 in
794 2702 876 2750 die
918 2699 1074 2754 irae“.
1130 2700 1273 2762 Quid
1315 2703 1482 2768 plura.
1540 2700 1707 2766 Supra
1748 2701 1970 2750 modum
2014 2715 2137 2766 ergo
2180 2700 2318 2748 idem
2361 2697 2538 2747 hostes
2579 2712 2639 2745 ex

317 2791 576 2856 patientia
618 2791 778 2838 sancti
819 2792 910 2838 viri
967 2790 1369 2839 truculentiores
1427 2787 1544 2839 facti
1603 2801 1652 2838 et
1705 2790 1822 2854 plus
1863 2805 2024 2856 quam
2068 2788 2151 2837 ille
2192 2788 2374 2836 beatus
2417 2799 2637 2852 corpore

334 2889 666 2946 torqueretur
706 2879 950 2928 cordibus
992 2881 1098 2928 suis
1140 2880 1350 2928 cruciati
1392 2880 1733 2927 novissimam
1775 2876 1910 2926 hanc
1938 2878 2246 2926 sententiam
2276 2889 2434 2941 super
2460 2876 2636 2939 ipsum

341 2965 447 3016 fieri
491 2978 795 3035 statuerunt,
833 2968 1027 3017 scilicet
1068 2978 1125 3017 ut
1162 2968 1342 3034 grandi
1385 2969 1502 3033 igne
1556 2984 1678 3016 eum
1721 2966 2090 3016 comburerent
2127 2962 2143 3034 Η
2182 2981 2340 3032 quem
2397 2961 2640 3030 praefatis

334 3056 595 3106 atrocibus
652 3058 836 3121 poenis
890 3070 1132 3121 superare
1188 3072 1295 3105 non
1348 3056 1640 3107 valuerunt.
1678 3053 1796 3105 Tali
1854 3070 2071 3122 quoque
2126 3062 2390 3102 tormento
2446 3062 2641 3119 martyr

341 3156 549 3194 sanctus
590 3160 797 3193 carnem
840 3145 1132 3211 relinquere
1173 3146 1387 3212 optavit,
1427 3146 1517 3211 qui
1559 3159 1679 3193 cum
1722 3154 1902 3192 sancto
1947 3142 2230 3191 Laurentio
2272 3152 2322 3190 et
2361 3156 2482 3190 cum
2526 3139 2638 3188 aliis

333 3236 519 3283 sanctis
561 3248 652 3298 per
693 3235 867 3300 ignem
909 3243 1188 3282 necetenus
1229 3235 1492 3283 coronatis
1534 3233 1763 3298 palmam
1807 3233 2037 3300 martyrii
2078 3232 2173 3279 sibi
2216 3229 2502 3280 concedere
2532 3228 2638 3278 Do-

336 3325 543 3371 minum
583 3337 792 3386 semper
833 3323 1012 3370 oravit.
1056 3319 1379 3386 Concupivit
1419 3323 1558 3369 enim
1601 3331 1723 3386 post
1751 3321 1958 3370 obitum
1985 3336 2143 3368 suum
2174 3334 2294 3369 cum
2323 3313 2637 3384 psalmista‘)

336 3410 569 3460 Domino
609 3411 841 3475 gaudens
883 3411 1188 3460 concinere:
1233 3408 1501 3477 „Probasti
1529 3408 1757 3458 Domine
1798 3423 1889 3458 cor
1929 3424 2104 3458 meum
2148 3418 2198 3456 et
2222 3408 2435 3456 visitasti
2463 3415 2638 3471 nocte3

335 3500 452 3564 igne
493 3516 577 3547 me
619 3499 920 3547 examinasti
964 3508 1013 3546 et
1053 3514 1159 3547 non
1202 3508 1278 3546 est
1317 3499 1526 3547 inventa
1579 3499 1628 3545 in
1673 3514 1756 3546 me
1798 3494 2094 3564 iniquita8.“
2139 3495 2401 3546 Succenso
2457 3496 2638 3561 utique

335 3605 362 3637 a
392 3586 664 3636 Wandalis
706 3586 922 3636 cumulo
962 3586 1230 3655 lignorum
1253 3588 1473 3652 copioso
1501 3588 1746 3635 inmissus
1767 3583 1993 3634 flammis
2018 3587 2094 3634 vir
2118 3584 2218 3635 Dei
2241 3583 2471 3633 Marinus
2496 3579 2640 3632 XVII

338 3674 385 3723 k.
429 3674 550 3726 Dec.
591 3674 655 3723 ad
697 3672 969 3724 Christum
1010 3677 1249 3740 migravit
1287 3672 1391 3723 fine
1433 3672 1716 3741 glorios0.“

516 3818 546 3876 ¹)
578 3820 707 3864 Prav
737 3832 792 3864 za
823 3831 944 3876 prav
981 3818 1377 3877 „idololatriam“.

515 3893 549 3949 ²)
583 3894 665 3939 Ps.
691 3899 791 3952 117,
824 3898 864 3938 6.

517 3966 548 4023 ⁸)
579 3967 745 4024 Jakob,
777 3971 819 4024 5,
851 3972 893 4012 3.

515 4038 548 4095 ⁴)
581 4040 662 4084 Ps.
688 4043 760 4097 16,
792 4045 833 4085 3.

2844 3971 2855 3983 ‚

2847 4015 2857 4053 ’ζ

2840 4095 2861 4154 ᾗ.

2832 4400 2856 4504 ἐἰει
2832 4335 2855 4384 1⁴³¹
2835 4294 2856 4322 J·
2844 4264 2848 4267 ·
2842 4162 2850 4179 ·-
