2872 4504
317 233 401 272 218
1294 219 1360 272 St.
1394 232 1495 282 177,
1527 233 1629 272 178.

497 405 621 457 Ibid.
665 423 691 456 c
758 406 846 456 18:
896 405 1032 467 „Qui
1084 405 1268 470 Lupus
1323 405 1451 453 dum
1507 421 1623 472 rege
1677 406 1888 455 absente
1946 409 2110 457 multa
2159 409 2441 458 insolenter
2490 421 2621 474 aput

321 493 571 544 Ticinum
601 497 802 562 egisset,
842 497 1038 561 quippe
1065 510 1227 560 quem
1266 508 1594 542 reversurum
1639 510 1747 543 non
1788 497 2105 546 aestimaret:
2148 508 2433 547 revertente
2481 514 2616 564 rege,

319 586 500 651 sciens,
559 584 728 632 eidem
786 600 843 631 ea
895 599 1029 649 quae
1082 599 1187 652 non
1247 592 1381 631 recte
1437 592 1662 648 gesserat
1714 583 2001 650 displicere,
2064 584 2357 635 Forumiuli
2417 598 2618 653 petens,

320 683 498 721 contra
539 673 764 720 eundem
807 686 979 737 regem
1023 687 1146 718 suae
1188 672 1449 737 nequitiae
1490 673 1733 720 conscius
1775 671 2090 722 rebellavit.“

496 759 620 811 Ibid.
647 775 687 810 c.
723 773 806 824 19:
854 757 1031 827 „Tum
1074 757 1366 813 Grimuald‚
1410 760 1598 808 nolens
1639 761 1786 809 civile
1827 761 2022 810 bellurn
2067 764 2197 810 inter
2238 762 2617 828 Langobardos

320 850 534 897 excitare
604 850 708 914 regi
763 846 1002 897 Avarum
1053 863 1245 896 cacano
1306 848 1588 916 mandavit,
1641 857 1698 897 ut
1749 851 1802 897 in
1843 848 2134 900 Forumiuli
2176 861 2355 900 contra
2398 851 2611 917 Lupum

320 937 505 986 ducem
549 953 669 985 cum
711 938 934 985 exercitu
975 937 1172 984 veniret
1211 952 1441 1003 eumque
1484 936 1619 985 bello
1662 948 1960 1002 protereret.
2001 937 2163 998 Quod
2205 949 2254 987 et
2294 937 2490 988 factum
2532 950 2623 992 est.

320 1026 454 1074 Nam
513 1027 750 1073 veniente
807 1040 999 1073 cacano
1055 1039 1176 1072 cum
1231 1041 1424 1092 magno
1478 1028 1718 1083 exercitu,
1773 1028 1826 1074 in
1866 1027 1986 1076 loco
2027 1029 2118 1094 qui
2160 1026 2374 1076 Flovius
2415 1027 2618 1086 dicitur,

320 1117 454 1164 sicut
493 1114 644 1162 nobis
685 1113 974 1162 retulerunt
1011 1115 1241 1161 seniores
1282 1115 1372 1161 viri
1416 1115 1506 1180 qui
1548 1115 1598 1161 in
1642 1116 1756 1179 ipso
1798 1115 1934 1164 bello
1977 1114 2202 1182 fuerunt,
2243 1131 2334 1180 per
2372 1127 2472 1164 tres
2513 1117 2624 1165 dies

322 1202 507 1269 Lupus
548 1203 654 1251 dux
694 1217 814 1250 cum
858 1200 1190 1250 Foroiulanis
1233 1202 1478 1251 adversus
1520 1204 1694 1252 cacani
1735 1205 2016 1252 exercitum
2061 1202 2307 1256 conflixit.
2348 1203 2414 1253 Et
2455 1206 2622 1270 prima

319 1293 532 1360 quidem
576 1292 657 1339 die
699 1290 929 1340 validum
974 1292 1084 1339 eius
1126 1293 1425 1359 exercitum,
1479 1293 1658 1356 paucis
1698 1294 1805 1340 suis
1846 1293 2142 1350 vulneratis,
2197 1294 2488 1358 prostravit.
2530 1292 2622 1342 Se-

320 1382 489 1431 cunda
541 1396 664 1430 vero
718 1381 816 1447 die,
871 1382 971 1431 iam
1027 1380 1304 1446 aliquantis
1358 1396 1384 1427 e
1440 1382 1546 1428 suis
1587 1381 1867 1429 vulneratis
1920 1391 1970 1430 et
2010 1383 2248 1438 mortuis,
2308 1382 2416 1446 pari
2458 1382 2623 1430 modo

321 1471 517 1519 multos
545 1486 605 1518 ex
632 1469 889 1518 Avaribus
916 1470 1172 1520 extincxit.
1211 1467 1388 1516 Tertia
1418 1483 1542 1517 vero
1578 1468 1677 1527 die,
1720 1471 1824 1517 iam
1853 1469 2092 1534 pluribus
2133 1486 2194 1518 ex
2233 1471 2340 1518 suis
2381 1472 2624 1520 sauciatis

320 1561 425 1608 sive
468 1560 765 1624 peremptis,
813 1556 1157 1606 nihilominus
1199 1573 1451 1624 magnum
1495 1559 1669 1606 cacani
1711 1560 1993 1607 exercitum
2035 1558 2225 1607 delevit
2264 1559 2620 1625 praedamque

322 1650 591 1713 copiosam
648 1649 847 1696 invasit.
903 1649 971 1695 At
1010 1661 1134 1694 vero
1175 1645 1257 1694 die
1299 1656 1486 1712 quarto
1527 1657 1724 1695 tantam
1767 1662 1924 1711 super
1964 1663 2017 1695 se
2061 1647 2454 1696 multitudinem
2496 1663 2625 1697 con·

320 1746 601 1802 spexerunt
640 1738 953 1793 venientem,
997 1745 1055 1783 ut
1095 1737 1178 1783 vix
1218 1750 1309 1800 per
1350 1733 1528 1802 fugam
1571 1736 1787 1784 evadere
1829 1732 2083 1800 possint.“

499 1824 625 1874 Ibid.
656 1840 696 1876 c.
726 1840 791 1873 20
835 1821 889 1893 (l.
915 1840 957 1873 e.
987 1841 1037 1889 p.
1072 1820 1219 1891 152):
1264 1822 1372 1892 „Ibi
1402 1825 1575 1891 itaque
1603 1823 1758 1889 Lupo
1799 1824 1932 1874 duce
1973 1835 2264 1893 perempto,
2304 1824 2490 1892 reliqui
2532 1826 2623 1891 qui

320 1924 675 1963 remanserant
713 1929 823 1962 sese
865 1928 957 1978 per
997 1913 1202 1961 castella
1243 1915 1632 1965 communiunt.
1679 1915 1873 1962 Avares
1914 1929 2037 1962 vero
2078 1929 2170 1980 per
2211 1930 2396 1962 omnes
2438 1929 2623 1963 eorum

321 2001 451 2052 fines
507 2003 868 2061 discurrentes,
927 2012 1112 2050 cuncta
1165 2003 1357 2067 rapinis
1414 2001 1668 2050 invadunt
1716 2001 1797 2050 vel
1836 2002 2113 2067 subposito
2157 2004 2261 2069 igni
2303 2003 2619 2052 conburunt.

321 2090 427 2151 Qui
469 2106 590 2140 cum
619 2106 711 2156 per
744 2090 947 2156 aliquot
974 2089 1083 2138 dies
1123 2088 1225 2138 hoc
1267 2088 1508 2149 facerent,
1550 2106 1578 2139 a
1619 2088 1926 2140 Grimualdo
1969 2093 2041 2139 eis
2083 2090 2391 2139 mandatum
2433 2102 2524 2153 est,
2568 2101 2627 2140 ut

322 2182 423 2228 iam
451 2197 476 2228 a
505 2181 859 2228 devastatione
886 2181 1226 2246 quiescerent.
1269 2177 1375 2238 Qui
1402 2178 1602 2245 legatos
1628 2179 1690 2228 ad
1719 2177 2092 2231 Grimualdum
2120 2181 2352 2244 mittunt,
2380 2179 2629 2250 dicentes,
2714 2212 2729 2228 ι

324 2268 557 2318 Foroiuli
601 2285 654 2317 se
695 2270 912 2316 minime
954 2268 1236 2326 relicturos,
1278 2284 1438 2335 quarn
1482 2270 1638 2316 armis
1680 2270 1903 2333 propriis
1944 2265 2380 2335 conquisissent.“

496 2357 622 2409 Ibid.
650 2373 692 2406 c.
720 2371 810 2409 21:
858 2354 1047 2423 „Tunc
1087 2355 1359 2405 Grimuald
1404 2358 1705 2406 necessitate
1754 2357 2044 2423 conpulsus
2099 2360 2378 2407 exercitum
2422 2356 2628 2424 quoad-

322 2463 484 2496 unare
526 2448 716 2514 coepit,
768 2455 1028 2513 quatenus
1070 2448 1263 2494 Avares
1304 2446 1367 2493 de
1407 2447 1514 2494 suis
1554 2443 1746 2495 finibus
1788 2446 2095 2499 exturbaret.
2138 2445 2194 2495 In
2235 2447 2411 2495 medio
2452 2448 2627 2514 itaque

321 2553 509 2603 campo
550 2553 644 2585 sua
685 2546 847 2585 castra
889 2543 939 2582 et
979 2537 1209 2583 Avarum
1252 2533 1544 2601 hospitium
1586 2550 1895 2600 conponens
1971 2550 2091 2583 cum
2135 2536 2384 2584 exercitus
2426 2546 2625 2599 partem

320 2628 557 2692 exiguam
608 2625 835 2694 haberet,
890 2626 1104 2675 eosdem
1165 2626 1306 2690 ipsos
1348 2639 1484 2690 quos
1523 2621 1746 2672 habebat
1785 2623 1990 2672 diverso
2031 2621 2212 2672 habitu
2253 2625 2510 2690 variisque
2551 2625 2625 2671 in·

319 2725 542 2764 structos
582 2716 738 2763 armis
780 2724 896 2763 ante
939 2714 1123 2763 oculos
1163 2713 1459 2780 legatorum
1500 2727 1592 2777 per
1632 2713 1739 2760 dies
1781 2713 1998 2780 aliquot,
2037 2714 2185 2780 quasi
2229 2728 2397 2761 novus
2442 2714 2629 2780 iugiter

321 2805 571 2852 exercitus
630 2804 944 2870 adventaret,
1005 2801 1304 2869 frequenter
1363 2803 1575 2851 transire
1631 2799 1764 2853 fecit.
1821 2804 2052 2850 Avarum
2117 2817 2240 2850 vero
2301 2802 2454 2867 legati
2497 2801 2626 2850 dum

321 2893 549 2942 eundern
579 2893 754 2959 ipsum
782 2893 1062 2940 exercitum
1104 2892 1215 2940 aliis
1257 2901 1308 2940 et
1346 2892 1456 2939 aliis
1499 2890 1672 2939 modis
1712 2891 1990 2956 praeterire
2033 2891 2381 2956 conspiciunt,
2423 2891 2624 2939 inmen-

324 2998 433 3029 sam
478 2980 950 3046 Langobardorum
996 2979 1388 3029 multitudinem
1433 2995 1558 3036 esse,
1611 2979 1954 3030 crediderunt.
1995 2977 2204 3038 Quibus
2245 2970 2519 3027 Grimuald
2559 2979 2627 3027 ita

321 3070 471 3119 dixit:
527 3067 703 3130 „Cum
759 3072 905 3118 omni
959 3068 1054 3118 hac
1106 3085 1267 3136 quam
1321 3068 1518 3117 vidistis
1575 3069 1825 3116 exercitus
1877 3067 2216 3116 multitudine
2256 3069 2428 3116 statim
2470 3080 2629 3132 super

322 3174 575 3208 cacanum
598 3159 802 3205 inruam
830 3167 878 3206 et
903 3160 1114 3225 Avares,
1155 3159 1250 3205 nisi
1280 3157 1343 3205 de
1373 3155 1820 3205 Foroiulanorum
1847 3153 2040 3205 finibus
2080 3156 2326 3204 velociter
2365 3156 2621 3206 exierint!

322 3247 416 3295 His
471 3249 590 3295 visis
646 3257 695 3295 et
749 3246 938 3295 auditis
993 3247 1143 3312 legati
1198 3249 1431 3295 Avarum
1483 3262 1602 3296 cum
1645 3244 1774 3294 haec
1814 3261 1912 3294 suo
1955 3245 2059 3310 regi
2102 3245 2444 3310 nuntiassent,
2502 3259 2627 3292 mox
2670 3274 2678 3285 -

322 3351 443 3384 cum
485 3337 630 3383 omni
671 3350 768 3383 suo
811 3337 1035 3384 exercitu
1076 3336 1141 3384 ad
1182 3337 1456 3401 proprium
1497 3349 1731 3383 reversus
1773 3343 1849 3382 est
1888 3328 2160 3399 regnum.“

1315 3573 1424 3660 st.
1477 3591 1643 3660 178.

500 3701 649 3759 okon
690 3701 827 3758 664.

505 3790 583 3844 Po
633 3789 848 3858 Lupovi
904 3790 1062 3844 smrti
1098 3789 1153 3855 je
1191 3791 1342 3844 hotel
1381 3789 1587 3858 njegov
1625 3790 1712 3843 sin
1752 3789 1987 3843 Arnef
1999 3789 2100 3841 rit
2138 3787 2342 3856 postati
2382 3785 2626 3853 vojvoda

324 3878 619 3932 furlanski.
658 3878 769 3931 Ker
794 3894 855 3932 se
872 3878 927 3945 je
950 3894 1020 3946 pa
1050 3880 1175 3932 zbal
1202 3877 1382 3945 kralja
1423 3878 1761 3947 Grimoalda,
1795 3876 1852 3943 je
1890 3876 2084 3930 ubeial
2122 3877 2163 3930 k
2188 3875 2315 3930 Slo
2335 3890 2627 3929 vencem

323 3982 359 4019 v
398 3966 494 4020 Ka
511 3982 586 4019 ra
603 3960 804 4020 nt'ani
813 3965 833 4032 j
854 3983 902 4020 0.
944 3950 986 4020 Z
1015 3966 1130 4032 njih
1158 3966 1420 4035 pomoojo
1447 3967 1495 4020 si
1517 3966 1573 4031 J'e
1599 3964 1752 4019 hoteI
1776 3972 1959 4033 potem
1984 3963 2251 4032 podvreci
2275 3962 2629 4032 vojvodstvo,

324 4070 354 4107 a
395 4054 623 4107 Furiani
663 4070 729 4107 so
769 4070 839 4122 ga
879 4055 1102 4123 napadli
1141 4062 1225 4108 ter
1262 4071 1332 4108 ne
1371 4053 1531 4108 dalec':
1569 4055 1641 4107 od
1683 4037 1903 4107 Cedada
1943 4053 2029 4121 pri
2053 4053 2228 4121 gradu
2267 4051 2486 4105 Nimisu
2520 4050 2628 4122 (pri

322 4141 560 4212 Nemah)
602 4143 843 4196 umorili.
