2872 4504
343 246 398 285 72
1404 240 1470 284 St.
1499 245 1567 284 72.

341 434 448 466 non
490 417 672 476 ferens,
715 419 1075 484 Longobardis
1116 418 1525 475 advenientibus,
1569 433 1691 466 cum
1732 420 1877 466 omni
1909 416 2153 467 thesauro
2182 420 2396 485 ecclesie
2423 419 2628 469 Gradus

339 522 392 554 se
432 507 736 573 contulerat,
775 504 988 555 afferens
1029 522 1208 554 secum
1234 520 1456 569 corpora
1489 516 1790 555 sanctorum
1825 516 2115 574 martyrum
2143 506 2306 556 Hilari
2335 517 2384 556 et
2411 506 2627 556 Taciani

341 604 390 642 et
428 594 769 660 reliquorum.
2557 628 2560 630 -

519 681 858 732 chronicon
884 681 1182 732 Gradense
1209 679 1538 750 (Monticolo‚
1590 681 1622 732 l.
1643 697 1684 733 e.
1710 698 1759 746 p.
1779 695 1850 745 40
1879 684 1930 729 in
1959 678 2076 750 41):
2122 722 2167 750 „.
2200 720 2210 731 .
2237 722 2250 734 .
2276 685 2366 749 qui
2406 679 2635 751 (Paulus)

340 772 695 820 sanctissimus
735 769 1022 836 patriarcha
1062 784 1282 834 corpora
1323 780 1626 818 sanctorum
1667 771 1717 816 iu
1760 770 1955 818 eisdem
1996 785 2130 819 nove
2153 772 2388 838 Aquileie
2413 771 2640 837 ecclesiis

338 856 625 907 honorifice
652 859 906 908 condivit:
950 860 1000 906 in
1027 858 1241 924 ecclesia
1283 860 1445 906 sancti
1478 856 1659 906 Vitalis
1701 857 2044 925 quadraginta
2084 869 2134 907 et
2172 859 2280 908 duo
2316 869 2600 926 martyrum
2626 855 2642 927 Η

296 992 305 1002 ,
340 961 558 1011 corpora
583 948 882 1012 dignissime
911 947 1209 1004 tumulavit;
1252 947 1302 993 in
1328 946 1543 1011 ecclesia
1571 956 1747 1011 sancte
1776 945 1938 1012 Marie
1963 961 2183 1011 corpora
2217 957 2514 996 sanctarum
2538 949 2641 995 vir-

338 1036 523 1102 ginum
547 1033 789 1102 Eufimie,
813 1033 1094 1100 Dorothee.
1121 1033 1281 1100 Tecle
1309 1044 1358 1082 et
1377 1033 1593 1100 Erasme
1618 1034 1888 1099 diligenter
1906 1034 2202 1092 collocavit;
2225 1049 2446 1099 corpora
2468 1044 2644 1083 autem

339 1134 638 1172 sanctorum
658 1122 852 1182 Cancii‚
876 1122 1123 1172 Canciani
1152 1131 1201 1170 et
1225 1119 1546 1188 Cancianille
1568 1124 1618 1170 in
1636 1122 1850 1188 ecclesia
1871 1124 2031 1171 sancti
2055 1121 2308 1171 Johannis
2334 1123 2644 1189 evangeliste

341 1212 671 1261 celeberrime
720 1213 1033 1277 composuit.
1083 1226 1311 1277 cumque
1361 1211 1499 1258 idem
1542 1211 1845 1259 venerabilis
1886 1209 2171 1275 patriarcha
2219 1211 2282 1259 ad
2330 1211 2647 1260 destructam

342 1299 769 1367 Aquileiensium
813 1302 1074 1348 civitatem
1115 1315 1236 1347 cum
1278 1300 1463 1364 populi
1506 1298 1841 1347 multitudine
1883 1300 1952 1346 ire
1993 1298 2307 1364 disponeret,
2356 1299 2530 1347 divina
2569 1313 2647 1346 re-

343 1390 599 1438 velatione
653 1389 748 1437 sibi
793 1390 1021 1437 innotuit
1073 1387 1294 1453 qualiter
1349 1390 1484 1436 cives
1524 1387 1765 1454 Aquileie
1806 1388 2131 1436 sevissimam
2171 1387 2647 1453 Longobardorum

343 1479 538 1527 rabiem
561 1479 613 1525 in
640 1475 904 1525 Gradense
928 1487 1150 1525 castrum
1178 1474 1435 1541 fugientes
1476 1477 1770 1524 beatissima
1810 1490 2030 1540 corpora
2070 1484 2372 1524 sanctorum
2414 1474 2640 1535 Quirini,

343 1566 476 1614 Illari
517 1576 566 1614 et
605 1565 819 1614 Taciani
862 1575 911 1613 et
951 1574 1242 1614 ceterorum
1301 1579 1480 1613 secum
1523 1574 1933 1629 asportaverunt.
1981 1562 2077 1612 hac
2117 1565 2291 1630 itaque
2332 1564 2645 1613 revelatione

343 1670 451 1703 non
493 1669 676 1719 parum
723 1654 1012 1702 illarescens
1054 1663 1103 1701 et
1141 1652 1532 1701 translationem
1576 1667 1762 1701 eorum
1802 1653 2004 1717 scripsit
2029 1662 2078 1700 et
2105 1653 2326 1701 natalicii
2353 1651 2493 1700 diem
2522 1667 2647 1701 con-

343 1744 509 1792 stituit
547 1743 816 1802 celebrari;
860 1745 910 1790 in
962 1752 1147 1791 octavo
1190 1741 1271 1789 die
1313 1750 1650 1806 pentecosten
1699 1741 1867 1789 natale
1907 1740 2247 1807 quadraginta
2288 1750 2338 1789 et
2376 1740 2484 1789 duo
2512 1755 2649 1789 mar-

342 1834 500 1880 tirum
542 1833 777 1888 instituit,
830 1831 1066 1879 natalicia
1106 1840 1410 1878 sanctorum
1450 1828 1582 1878 Illari
1625 1840 1675 1878 et
1714 1828 1930 1878 Taciani
1970 1839 2113 1878 sexto
2155 1830 2360 1878 decimo
2403 1828 2647 1878 kalendas

343 1922 537 1986 marcii,
588 1919 795 1980 Quirini
847 1919 1127 1969 sacerdotis
1182 1930 1368 1986 quarto
1412 1918 1657 1968 kalendas
1710 1920 1853 1986 iunii,
1908 1928 2207 1967 sanctorum
2259 1915 2653 1968 Cancianorum

343 2009 505 2073 pridie
547 2009 790 2058 kalendas
832 2009 1008 2066 madii,
1052 2008 1219 2056 natale
1260 2019 1557 2056 sanctarum
1598 2009 1860 2073 virginum
1901 2008 2059 2056 tercio
2101 2022 2266 2055 nonas
2292 2006 2647 2072 septembris.“

520 2097 645 2150 Ibid.
671 2098 702 2149 1.
730 2114 769 2148 c.
796 2095 867 2166 (p.
891 2095 1009 2166 49):
1057 2096 1283 2165 „Paulus
1322 2097 1583 2163 siquidem
1626 2111 1898 2161 processor
1926 2098 2036 2144 eius
2064 2093 2310 2164 (Heliae),
2348 2094 2534 2144 hostile
2562 2111 2651 2160 pe-

344 2187 567 2235 riculum
609 2202 715 2235 non
759 2184 943 2244 serem,
986 2185 1352 2252 Longobardis
1393 2186 1788 2234 advenientibus
1829 2200 1950 2234 cum
1994 2186 2140 2232 omni
2170 2182 2414 2233 thesauro
2438 2183 2651 2250 ecclesie

347 2273 553 2325 Gradus
594 2291 647 2323 se
689 2276 993 2333 contulerat,
1037 2272 1253 2323 afferens
1294 2290 1472 2322 secum
1509 2289 1731 2340 corpora
1755 2284 2060 2322 sanctorum
2090 2274 2360 2321 martirum
2404 2271 2563 2320 Ellari
2605 2283 2658 2321 et

345 2362 559 2413 Taciani
620 2374 670 2412 et
724 2363 1065 2430 reliquorum.
1117 2362 1366 2412 defuncto
1419 2378 1543 2411 vero
1586 2362 1749 2411 Paulo
1792 2364 1844 2410 in
1885 2362 2100 2428 ecclesia
2141 2359 2406 2410 Gradense
2447 2372 2653 2424 umat0,

348 2455 493 2502 cuius
533 2452 871 2518 sepulchrum
917 2469 1087 2519 usque
1128 2451 1285 2500 'nodie
1327 2452 1396 2500 ibi
1439 2461 1631 2519 manet,
1656 2490 1669 2503 .
1695 2489 1704 2500 .
1732 2454 1779 2502 .“

539 2541 836 2592 Johannis
897 2541 1125 2592 diaconi
1181 2540 1519 2591 Chronicon
1574 2540 1888 2611 Venetum·
1924 2524 2255 2608 (Mon'ticolo,
2318 2539 2350 2590 l.
2386 2554 2426 2590 c.
2462 2556 2511 2604 p.
2554 2526 2660 2606 62),

351 2629 588 2698 „Eodem
639 2641 877 2695 tempore
930 2629 1226 2678 Romanam
1277 2630 1545 2679 ecclesiam
1597 2632 1672 2678 vir
1726 2630 2098 2687 sanctissimus,
2154 2627 2468 2676 Benedictus
2512 2643 2663 2693 papa,

348 2719 571 2784 regebat,
614 2720 952 2785 Aquilegensi
995 2735 1212 2785 quoque
1242 2721 1430 2767 civitati
1459 2721 1677 2785 eiusque
1706 2718 1918 2783 populis
1946 2718 2125 2766 beatus
2152 2715 2343 2765 Paulus
2374 2713 2658 2781 patriarcha

348 2818 565 2876 preerat,
611 2810 701 2874 qui
743 2807 1218 2875 Langobardorum
1261 2808 1457 2856 rabiem
1500 2818 1757 2870 metuenS,
1811 2822 1871 2855 ex
1913 2806 2188 2873 Aquilegia
2228 2805 2293 2854 ad
2336 2803 2540 2854 Gradus
2582 2805 2660 2852 in-

348 2896 516 2944 sulam
571 2894 823 2964 confugit,
882 2912 1169 2963 secumque
1223 2897 1505 2945 beatissimi
1563 2898 1784 2945 martiris
1842 2894 2198 2943 Hermachore
2257 2905 2306 2944 et
2361 2903 2656 2943 ceterorum

349 2995 650 3033 sanctorum
706 3000 944 3051 corpora,
1000 3001 1102 3052 que
1156 2985 1224 3033 ibi
1280 2984 1494 3034 humata
1550 2983 1768 3051 fuerant,
1818 2984 2110 3050 deportavit
2159 2994 2208 3033 et
2249 2984 2392 3049 apud
2430 2982 2659 3031 eundem

352 3071 670 3138 Gradensem
703 3084 928 3122 castrum
956 3073 1158 3123 honore
1187 3074 1498 3140 dignissimo
1530 3073 1779 3140 condidit,
1819 3075 2092 3140 ipsamque
2121 3074 2303 3122 urbem
2328 3072 2659 3140 Aquilegiam

350 3172 542 3211 novam
585 3160 836 3214 vocavit.“

528 3249 654 3302 Ibid.
678 3251 709 3302 l.
737 3267 777 3303 e.
803 3260 871 3316 sp.
900 3248 1016 3318 63):
1064 3291 1109 3319 „.
1135 3291 1146 3303 .
1171 3291 1182 3302 .
1212 3253 1378 3317 prima
1421 3252 1627 3300 illarum
1669 3249 1874 3300 Gradus
1915 3251 2116 3311 dicitur,
2158 3267 2260 3318 que
2302 3250 2432 3298 dum
2460 3258 2664 3298 constat

353 3339 467 3388 altis
508 3340 750 3388 menibus
793 3340 1236 3407 ecclesiarumque
1278 3342 1442 3405 copiis
1484 3340 1725 3389 decorata
1745 3350 2154 3406 sanctorumque
2181 3339 2490 3404 corporibus
2520 3335 2667 3403 fulta,

353 3428 809 3494 quemadmodum
854 3431 1067 3495 antique
1117 3428 1342 3478 Venecie
1384 3430 1677 3497 Aquilegia,
1733 3431 1799 3476 ita
1850 3439 1900 3477 et
1939 3429 2030 3477 ista
2071 3430 2232 3477 totius
2273 3443 2408 3476 nove
2449 3425 2666 3475 Venetie

353 3526 509 3580 caput
548 3526 597 3564 et
637 3517 946 3582 metropolis
988 3516 1098 3566 fore
1139 3516 1477 3570 dinoscitur.“
2703 3577 2707 3582 ,

529 3603 869 3655 Chronicon
921 3591 1215 3658 Venetum
1264 3608 1442 3671 vulgo
1497 3607 1761 3657 Altinate
1790 3603 1934 3674 (MG.
1963 3603 2063 3673 SS,
2101 3603 2238 3660 XIV,
2291 3602 2393 3668 13):
2437 3602 2666 3671 „Paulus

352 3692 637 3756 patriarcha
679 3692 777 3742 fuit
818 3697 1029 3743 natione
1071 3694 1392 3746 Romanum.
1434 3695 1548 3761 Ipse
1589 3695 1821 3744 condivit
1862 3697 1913 3742 in
1942 3694 2168 3743 ecclesiis
2198 3691 2522 3741 Gradensem
2548 3707 2666 3740 san.-

355 3792 562 3832 ctorum
604 3798 846 3848 corpora:
891 3785 940 3830 in
984 3784 1197 3832 ecclesia
1237 3786 1398 3833 sancti
1443 3783 1622 3833 Vitalis
1663 3784 2006 3850 quadraginta
2032 3792 2082 3830 et
2106 3783 2213 3830 duo
2241 3783 2514 3830 martirum
2541 3796 2666 3830 cum

355 3883 646 3921 ceterorum
702 3873 926 3921 aliorum
983 3888 1076 3938 per
1130 3875 1292 3921 muris
1342 3874 1643 3931 circuitum;
1687 3887 1908 3938 corpora
1960 3882 2256 3919 sanctarum
2307 3871 2570 3935 virginum
2613 3870 2666 3917 in

354 3960 566 4008 ecclesia
621 3971 795 4030 sancte
855 3960 1306 4025 Marie;·corpora
1360 3971 1665 4009 sanctorum
1718 3957 2108 4009 Cancianorum
2150 3961 2201 4007 in
2243 3958 2458 4007 ecclesia
2498 3958 2668 4006 sancti

355 4047 600 4108 Iohannis
656 4049 986 4114 euangeliste.
1054 4050 1394 4116 Aquilegensi
1463 4064 1681 4115 quoque
1750 4050 1940 4096 civitati
1989 4047 2259 4106 destructa,
2314 4062 2438 4095 cum
2490 4049 2670 4112 eisque

353 4136 557 4201 populo
600 4136 790 4185 Paulus
831 4136 1118 4203 patriarcha
1159 4136 1270 4195 fuit,
1326 4139 1558 4204 itemque
1606 4139 1771 4185 iturus
1812 4150 1905 4201 per
1944 4135 2315 4184 revelationem
2355 4145 2666 4184 sanctorum
