2872 4504
1289 250 1356 306 St.
1390 265 1461 306 85.
2498 266 2552 306 97

425 430 710 497 Primerjaj
752 434 869 486 tudi
911 435 1129 502 izpiske
1169 437 1220 488 iz
1258 438 1451 490 raznih
1492 437 1693 505 drugih
1734 436 1918 489 virov:

426 519 682 571 Cronica
724 524 794 572 de
834 524 1083 588 singulis
1124 528 1477 589 patriarchis
1517 527 1683 577 Nove
1722 525 1993 590 Aquileie
2036 523 2368 595 (Monticolo,
2422 526 2557 577 Cro-

247 606 412 657 nache
452 606 764 667 Veneziane,
823 610 858 666 I,
903 629 952 676 p.
1012 610 1195 681 5—8):
1255 613 1641 679 „Temporibus
1695 613 1908 683 Tyberii
1962 611 2295 663 Constantini
2350 620 2556 682 augusti
2591 618 2702 671 P·5·

247 696 426 745 Helias
467 697 755 762 patriarcha
787 700 1138 765 Aquileiensis
1181 705 1230 749 in
1275 701 1526 751 Gradensi
1568 714 1735 752 castro
1778 703 2048 752 ecclesiam
2093 714 2270 771 sancte
2311 704 2556 773 Eufemiq

250 783 484 834 fabricari
511 789 758 851 precepit,
802 788 979 854 ibique
1019 791 1284 857 synodum
1330 795 1677 857 congregavit.
1719 794 1770 840 in
1812 808 1916 859 qua
1956 792 2165 860 synodo
2208 796 2461 860 quicquid
2490 795 2553 843 de

248 871 643 923 Calcedonense
671 875 896 923 concilio
925 876 1274 946 dubitabatur,
1313 879 1464 944 pulsa
1506 880 1785 936 dubietate,
1828 878 2202 929 confirmatum
2246 891 2335 938 est,
2379 882 2555 949 ibique

247 963 447 1022 statuit,
501 962 773 1028 ecclesiam
817 961 1139 1013 Gradensem
1183 978 1341 1030 caput
1381 978 1431 1015 et
1471 968 1811 1033 metropolim
1853 970 2015 1017 totius
2057 970 2328 1035 provincie
2370 969 2557 1019 Histri-

248 1052 453 1098 ensium
496 1048 939 1115 et‘Venetiarum‚
982 1055 1130 1101 cuius
1158 1053 1387 1121 Venecie
1428 1057 1681 1104 terminus
1714 1073 1741 1104 a
1771 1055 2042 1104 Pannonia
2085 1073 2252 1123 usque
2294 1058 2359 1105 ad
2384 1059 2554 1106 Adam

248 1137 470 1188 fluvium
524 1138 872 1207 protelatur,¹)
911 1137 926 1210 Η
965 1143 1353 1210 epistolamque
1411 1159 1507 1209 pro
1561 1143 1641 1192 his
1682 1147 1884 1193 statutis
1925 1147 2124 1210 accepit
2174 1162 2202 1194 a
2254 1146 2554 1195 beatissimo
2591 1159 2638 1203 p.
2664 1150 2704 1192 6.

247 1243 384 1292 papa
422 1226 651 1293 Pelagio,
711 1231 1158 1279 consentientibus
1218 1234 1470 1280 universis
1524 1234 1784 1298 episcopis
1836 1235 1939 1282 iam
1993 1233 2249 1282 dictarum
2299 1237 2557 1299 provinci-

253 1329 402 1364 arum
432 1356 443 1368 .
471 1357 483 1368 .
506 1315 552 1368 .“

405 1402 567 1474 .„Cui
611 1403 694 1471 (sc.
734 1403 989 1474 Probino)
1030 1408 1315 1456 succedens
1358 1420 1680 1458 memoratus
1720 1409 1918 1478 Helyas
1959 1410 2261 1476 patriarcha,
2313 1410 2410 1460 hec
2449 1426 2555 1479 qut}

247 1502 405 1560 supra
462 1496 652 1559 scripta
693 1505 815 1543 sunt
856 1496 1129 1563 ordinavit,
1186 1507 1237 1545 et
1277 1498 1379 1545 iam
1422 1498 1554 1546 dicta
1598 1514 1820 1562 corpora
1861 1510 2165 1548 sanctorum
2206 1498 2295 1569 (sc.
2336 1517 2558 1566 corpora

254 1592 561 1632 sanctorum
614 1594 904 1651 martyrum
947 1583 1112 1632 Hilari
1155 1596 1204 1633 et
1243 1584 1459 1634 Taciani
1503 1597 1552 1634 et
1592 1584 1941 1655 reliquorum)
1983 1589 2034 1635 in
2076 1590 2210 1637 miro
2254 1590 2436 1639 ordine
2477 1591 2558 1640 lo-

253 1673 402 1739 cavit,
441 1672 775 1739 domumque
804 1673 899 1720 sibi
935 1689 963 1721 a
1005 1671 1361 1723 fundamentis
1404 1673 1636 1724 fabricari
1678 1678 1924 1743 precepit,
1965 1692 2195 1725 asserens
2237 1681 2286 1725 in
2311 1674 2328 1748 ll
2352 1679 2559 1747 synodo
2594 1692 2639 1736 p.
2663 1683 2707 1724 7.

248 1775 406 1825 supra
430 1770 642 1811 statuta:
684 1760 938 1809 karissimi
970 1760 1163 1820 fratres,
1207 1764 1670 1812 intervenientibus
1699 1765 1847 1812 malis
1890 1768 2080 1814 nostris
2121 1768 2331 1815 cottidie
2371 1767 2560 1817 hostile

249 1851 577 1916 perpetimur
603 1847 893 1915 flagellum;
938 1861 988 1899 et
1013 1852 1113 1899 iam
1157 1852 1358 1916 pridem
1404 1854 1467 1901 ab
1499 1854 1631 1902 Atila
1659 1853 1905 1903 Unorum
1945 1870 2063 1922 rege
2102 1856 2341 1923 Aquileia
2383 1860 2560 1907 civitas

249 1948 425 1987 nostra
482 1936 718 1987 funditus
771 1939 1029 1988 destructa
1083 1950 1173 2007 est,
1228 1951 1277 1989 et
1329 1952 1508 2006 postea
1552 1941 1851 1992 Gothorum
1911 1945 2115 1993 incessu
2169 1955 2218 1994 et
2265 1957 2557 2013 ceterorum

255 2027 594 2075 barbarorum
651 2037 860 2085 cassata,
923 2030 1006 2076 vix
1062 2031 1309 2094 aspiranS,
1365 2030 1455 2077 sed
1507 2041 1557 2078 et
1610 2047 1748 2080 nunc
1797 2031 2275 2098 Longobardorum
2333 2033 2565 2102 nefande

252 2117 418 2182 gentis
458 2114 661 2182 flagella
702 2118 954 2165 sustinere
997 2133 1103 2165 non
1147 2129 1345 2183 potest;
1397 2131 1718 2185 quapropter
1758 2120 1977 2184 dignum
2021 2121 2165 2170 ducit
2204 2123 2556 2172 mansuetudo

256 2215 449 2271 nostra,
487 2206 528 2252 si
556 2215 725 2271 vestre
749 2205 918 2270 placet
945 2209 1216 2273 sanctitati,
1262 2209 1313 2254 in
1342 2205 1444 2256 hoc
1473 2218 1638 2257 castro
1671 2207 1925 2257 Gradensi
1970 2220 2203 2259 nostram
2247 2209 2557 2261 confirmare

257 2294 612 2359 metropolim.
665 2310 774 2361 quo
827 2294 966 2343 dicto
1022 2296 1271 2344 omnibus
1312 2296 1508 2361 placuit
1547 2299 1823 2362 episcopis,
1881 2308 1930 2346 et
1971 2297 2108 2348 facto
2153 2300 2326 2349 libello
2369 2311 2560 2368 statute

254 2397 364 2449 sue,
411 2383 463 2430 id
504 2391 579 2430 est
618 2382 682 2430 de
724 2393 1013 2431 memorata
1057 2381 1424 2433 Calcidonensi
1466 2386 1671 2453 synodo
1715 2397 1765 2434 et
1804 2386 1867 2434 de
1908 2385 2005 2436 hac
2047 2390 2157 2453 ipsa
2198 2389 2336 2456 sede,
2384 2391 2562 2439 subter

258 2470 502 2519 manibus
530 2473 636 2528 suis
664 2474 1101 2536 conscripserunt,
1144 2473 1194 2520 id
1237 2484 1312 2521 est
1353 2475 1553 2537 primus
1594 2473 1773 2522 Helias
1814 2474 2120 2541 patriarcha,
2165 2477 2215 2524 id
2257 2488 2333 2526 est
2372 2478 2559 2527 deinde

252 2559 544 2608 Marcianus
571 2561 853 2625 episcopus
879 2571 1056 2626 sancte
1083 2562 1299 2628 ecclesie·
1328 2559 1661 2628 Opetergine‚
1705 2563 2004 2614 Leonianus
2040 2568 2321 2631 episcopus
2350 2566 2560 2636 Tybor-

255 2649 463 2715 niensis,
502 2647 684 2696 Petrus
709 2650 988 2714 episcopus
1016 2650 1272 2706 Altinaris,
1322 2649 1630 2699 Vindemius
1653 2653 1934 2717 episcopus
1962 2651 2245 2721 Cessensis,
2288 2654 2558 2722 Bergullus

256 2739 536 2803 episcopus
578 2736 823 2803 Patavintg
879 2738 1114 2805 ecclesie,
1169 2737 1390 2788 Ioannes
1443 2741 1722 2805 episcopus
1764 2738 2026 2810 Celeiane,
2081 2740 2412 2793 Clarissimus
2453 2747 2558 2810 epi-

254 2821 448 2891 s'copus
489 2823 910 2883 Concordiensis‚
969 2825 1216 2876 Patricius
1261 2829 1540 2893 episcopus
1581 2827 1914 2887 Emonensis‚
1979 2831 2238 2880 Adrianus
2281 2835 2559 2898 episcopus

254 2912 506 2971 Polensis,
571 2914 874 2963 Maxencius
937 2917 1217 2982 episcopus
1275 2915 1526 2972 Iuliensis‚
1590 2916 1809 2967 Severus
1863 2921 2144 2985 episcopus
2200 2919 2556 2986 Tergestinus,

255 2999 492 3051 Solacius
519 3004 797 3068 episcopus
823 3002 1158 3062 Veronensis,
1202 3002 1460 3053 Iohannes
1488 3007 1767 3071 episcopus
1795 3005 2070 3074 Parentine
2110 3009 2342 3077 ecclesie,
2381 3014 2558 3060 Aaron

255 3092 531 3155 episcopus
558 3093 917 3149 Avonciensis,
950 3091 1214 3157 Ingenuus
1238 3094 1519 3167 episc-opus
1546 3095 1772 3142 secunde
1798 3093 1962 3162 Retie.
1994 3097 2248 3162 Agnellus
2279 3101 2558 3164 episcopus

258 3176 617 3237 Tridentinus,
671 3179 894 3246 Vigilius
933 3176 948 3250 Η
989 3183 1269 3246 episcopus
1312 3180 1732 3250 Scaravaciensis,
1788 3182 2074 3251 Fontegius
2131 3188 2411 3252 episcopus
2453 3186 2563 3235 Fel·
2595 3199 2642 3244 p.
2666 3192 2707 3232 8.

255 3268 456 3334 trensis,
516 3267 811 3317 Marcianus
867 3272 1147 3336 episcopus
1201 3269 1474 3338 Petenatis,
1530 3270 1842 3321 Laurentius
1899 3274 2164 3342 presbiter,
2218 3285 2267 3324 et
2306 3275 2560 3326 Martinus

254 3355 525 3420 presbiter,
583 3367 738 3423 atque
795 3357 1037 3406 Emerius
1093 3359 1343 3424 presbiter
1400 3360 1758 3423 provinciales,
1815 3371 1865 3410 et
1920 3363 2187 3427 presbiteri
2231 3367 2400 3433 ceteri,
2453 3376 2557 3414 tam

260 3445 648 3509 metropolitani
707 3462 866 3512 quam
926 3457 976 3495 et
1031 3448 1258 3513 plebani3
1316 3463 1500 3496 omnes
1555 3450 1632 3496 isti
1675 3452 2009 3516 suprascripti
2051 3455 2458 3512 consentierunt,
2514 3464 2563 3503 et

257 3533 435 3579 omnia
476 3533 526 3579 in
569 3533 754 3581 eodem
797 3535 916 3583 loco
962 3531 1498 3596 confirmaverunt.“²l

451 3634 789 3687 Chronicon
831 3637 1130 3689 Gradense
1189 3638 1522 3706 (Monticolo,
1563 3637 1837 3689 Cronaehe
1879 3640 2190 3713 Veneziane,
2228 3642 2263 3701 Ι,
2307 3645 2396 3713 48,
2437 3643 2554 3714 49):

258 3720 350 3789 „In
391 3722 573 3771 eadem
615 3740 737 3773 vero
779 3726 986 3784 sinodo,
1045 3743 1204 3793 quam
1246 3742 1402 3793 supra
1443 3730 1869 3790 memoravimuS‚
1911 3732 2163 3798 quicquid
2203 3733 2267 3781 de
2308 3720 2560 3784 Calcedo-
2592 3745 2638 3788 P·
2665 3738 2736 3779 48.

437 3866 468 3923 ι)
499 3868 596 3913 Cfr.
623 3870 760 3913 Pauli
793 3871 980 3915 diaconi
1013 3872 1135 3916 Hist.
1165 3873 1390 3928 Langob.,
1425 3873 1483 3930 11,
1516 3885 1553 3916 c.
1578 3879 1647 3918 14.

434 3940 467 3994 ²)
493 3941 688 3999 Pisatelj
715 3949 760 3988 te
782 3945 989 3990 kronike
1006 3947 1059 3999 je
1083 3946 1191 3989 imel
1219 3948 1319 4002 pac,
1350 3946 1510 3989 kakor
1532 3959 1585 3991 se
1607 3947 1738 4005 kaie,
1771 3949 1989 4004 zapisnik
2025 3952 2287 4008 izmisljene
2325 3954 2558 4008 gradeske

255 4013 424 4059 sinode
466 4016 582 4071 pred
629 4018 782 4075 seboj,
830 4019 1011 4062 vendar
1035 4021 1087 4074 je
1118 4024 1168 4063 tu
1201 4020 1249 4062 in
1282 4024 1377 4063 tam
1410 4031 1472 4074 po
1506 4022 1645 4075 svoje
1675 4024 1912 4078 postopal.
1957 4025 2056 4070 Vee
2087 4027 2238 4070 stvari
2263 4028 2315 4082 je
2354 4028 2557 4084 izpustil,

255 4087 370 4132 tako
410 4101 456 4133 n.
481 4102 551 4146 pr.
578 4091 746 4135 vedino
793 4092 918 4136 imen
968 4093 1233 4137 navedenih
1272 4094 1587 4148 presbiterov.
1631 4094 1729 4139 Ime
1761 4096 2135 4160 padovanskega
2167 4100 2308 4144 skofa
2341 4101 2559 4156 Virgi-lija

253 4160 307 4215 je
336 4163 567 4217 premenil
597 4177 630 4209 v
666 4165 971 4222 „Bergullus“
1008 4167 1087 4210 itd.
2384 4238 2438 4276 12
