2872 4504
14 1782 37 2063 ψῆτταν-κανων
26 1731 32 1735 .
14 1600 20 1624 ·<

20 2315 32 2339 .-
6 2168 35 2289 30*ss
20 2135 36 2156 ,τ

1265 232 1317 286 St
1363 246 1463 286 301.
2427 241 2512 286 335

213 432 337 465 eum
380 418 431 464 in
474 418 657 465 eadem
700 417 922 467 Saxonia
963 430 1234 481 venerunt,
1277 435 1396 483 una,
1439 434 1572 485 quae
1613 417 1739 466 dixit
1777 415 2061 464 occurrisse
2102 416 2147 462 ei
2189 413 2351 481 kagan
2396 431 2515 464 cum

212 506 392 554 ceteris
435 506 794 568 optimatibus,
837 517 997 572 quem
1038 507 1132 555 sibi
1176 512 1369 554 Avares
1410 516 1531 571 post
1570 502 1981 554 interfectionem
2010 498 2025 571 Η
2050 504 2286 568 priorum
2322 506 2517 551 consti·
2546 520 2591 564 p.
2623 512 2724 554 100.

212 604 447 659 tuerunt;
489 594 662 659 altera,
702 611 836 660 quae
879 596 1005 643 dixit
1044 594 1269 660 Pippino
1312 610 1430 643 cum
1475 595 1698 642 exercitu
1751 608 1849 642 suo
1892 593 1941 639 in
1982 589 2170 657 hringo
2212 592 2401 641 sedere.
2454 590 2521 639 Et

211 681 444 730 domnus
486 696 572 729 rex
614 694 879 747 peragrata
921 682 1146 731 Saxonia
1187 698 1307 731 cum
1367 685 1568 749 integro
1620 683 1844 730 exercitu
1885 696 1983 730 suo
2026 682 2078 728 in
2120 678 2312 728 Gallias
2352 697 2404 728 se
2444 695 2520 728 re-

213 771 350 834 cepit
391 780 441 818 et
480 771 530 817 in
573 773 741 837 Aquis
782 772 975 835 palatio
1016 769 1187 819 filium
1227 788 1383 819 suum
1429 771 1711 836 Pippinum
1756 787 1782 817 e
1825 769 2095 818 Pannonia
2133 769 2438 817 redeuntem
2472 779 2521 816 et

210 869 413 923 partem
454 857 700 926 thesauri,
740 875 874 928 quae
916 870 1247 926 remanserat,
1286 859 1632 908 adducentem
1675 859 1840 907 laetus
1873 859 2084 923 aspexit.
2125 860 2297 923 Atque
2326 857 2519 905 ibidem

209 947 435 994 natalem
480 945 695 994 Domini
737 963 795 996 ac
837 946 1028 1012 pascha
1068 945 1392 999 celebravit.“

385 1065 537 1116 Ann.
575 1065 854 1116 Einhardi
896 1066 960 1114 ad
1002 1082 1045 1117 a.
1071 1065 1177 1131 796
1219 1064 1383 1134 (ibid.‚
1423 1083 1471 1131 p.
1501 1062 1617 1131 99):
1664 1067 1873 1131 „Atque
1912 1062 1992 1112 his
2019 1063 2233 1129 expletis
2262 1064 2371 1127 ipse
2399 1078 2518 1111 cum

211 1155 435 1203 exercitu
481 1153 802 1204 Francorum
844 1154 1125 1205 Saxoniam
1169 1157 1331 1221 petiit,
1374 1154 1662 1221 Pippinum
1694 1149 1814 1202 vero
1854 1150 2025 1201 filium
2065 1169 2221 1201 suum
2249 1158 2380 1200 'cum
2424 1150 2523 1200 Ita-

210 1242 323 1291 licis
362 1258 422 1292 ac
461 1241 742 1292 Baioaricis
785 1246 950 1309 copiis
992 1246 1042 1292 in
1084 1243 1413 1295 Pannoniam
1455 1245 1524 1292 ire
1567 1244 1727 1294 iussit.
1783 1241 1850 1291 Et
1890 1244 1999 1308 ipse
2041 1241 2257 1309 quidem
2299 1240 2523 1290 saxonia

213 1347 275 1380 ex
330 1347 521 1397 magna
576 1342 720 1398 parte
778 1342 973 1382 vastata
1029 1333 1093 1381 ad
1147 1331 1488 1381 hiemandum
1544 1333 1872 1400 Aquasgrani
1924 1333 2214 1397 revertitur3
2267 1330 2523 1395 Pippinus

213 1433 389 1470 autem
433 1421 606 1469 Hunis
646 1432 786 1470 trans
826 1420 1012 1470 Tizam
1056 1419 1279 1470 fluvium
1321 1419 1510 1487 fugatis
1537 1436 1830 1487 eorumque
1863 1422 2018 1486 regia,
2060 1435 2212 1487 quae,
2238 1429 2296 1468 ut
2323 1419 2524 1468 dictum

212 1521 304 1578 est,
341 1508 576 1576 hringus,
619 1527 644 1559 a
688 1509 1049 1576 Langobardis
1105 1521 1280 1559 autem
1336 1527 1558 1575 campus
1598 1520 1831 1568 vocatur,
1875 1525 1937 1557 ex
1975 1518 2088 1558 toto
2129 1508 2406 1576 destructa,
2445 1508 2524 1556 di-

212 1602 372 1665 reptis
413 1616 548 1664 pene
590 1601 838 1649 omnibus
894 1600 1179 1650 Hunorum
1237 1600 1428 1665 opibus
1469 1598 1533 1647 ad
1574 1607 1774 1664 patrem
1816 1597 2132 1665 Aquisgrani
2176 1595 2391 1645 hiberna
2431 1595 2524 1645 ha-

212 1689 425 1738 bentem
466 1691 610 1739 venit
649 1706 706 1738 ac
747 1690 914 1755 spolia
957 1691 1118 1756 regni,
1159 1705 1295 1756 quae
1336 1704 1513 1737 secum
1557 1687 1758 1754 detulit,
1799 1686 1968 1735 eidem
2011 1682 2409 1752 praesentavit.“

389 1807 540 1859 Ann.
578 1807 857 1860 Lauresh.
881 1808 947 1856 ad
987 1824 1031 1859 a.
1055 1812 1162 1874 796
1205 1805 1348 1873 (MG.
1377 1805 1478 1873 SS.,
1507 1805 1543 1875 1,
1574 1803 1686 1874 37):
1732 1804 1822 1874 „In
1865 1807 1980 1868 ipso
2020 1814 2209 1853 aestate
2242 1805 2526 1852 transmisit

213 1911 302 1944 rex
340 1893 565 1945 Carolus
606 1895 892 1963 Pippinum
933 1894 1102 1946 filium
1143 1913 1300 1945 suum
1343 1912 1466 1945 cum
1506 1897 1613 1945 suis
1654 1911 1790 1962 quos
1833 1897 1883 1942 in
1911 1892 2052 1942 Italia
2079 1886 2256 1943 secum
2284 1892 2523 1956 habebat,

215 1995 267 2034 et
305 1983 574 2034 Paioarios
615 2001 736 2034 cum
779 1986 951 2053 aliqua
1006 1997 1148 2051 parte
1189 1986 1496 2034 Alamaniae
1553 1986 1602 2032 in
1656 1981 1849 2033 finibus
1889 1986 2211 2042 Avarorum;
2265 1991 2315 2031 et
2368 1982 2526 2032 coad-

216 2084 410 2124 unatus
451 2085 527 2123 est
555 2073 810 2139 pippinus
838 2091 958 2124 cum
991 2075 1239 2125 omnibus
1280 2090 1416 2142 quos
1458 2084 1603 2139 pater
1641 2075 1753 2122 eius
1794 2074 1837 2120 ei
1867 2073 2150 2121 transmisit
2174 2074 2223 2120 in
2250 2071 2524 2137 solacium,

217 2173 268 2210 et
305 2164 523 2212 transito
565 2162 825 2221 Danovio,
886 2179 1008 2212 cum
1057 2165 1281 2212 exercitu
1322 2178 1419 2212 suo
1461 2163 1697 2227 pervenit
1736 2161 1799 2210 ad
1840 2161 2037 2229 locum,
2076 2161 2166 2209 ubi
2205 2175 2350 2226 reges
2394 2163 2525 2210 Ava-

215 2266 399 2300 rorum
441 2267 562 2301 cum
605 2252 931 2316 principibus
970 2255 1077 2301 suis
1118 2252 1295 2301 sedere
1336 2253 1573 2301 consueti
1615 2244 1772 2318 erant,
1800 2266 1958 2318 quem
1988 2259 2039 2299 et
2065 2251 2115 2298 in
2145 2259 2322 2299 nostra
2349 2249 2528 2316 lingua

214 2338 415 2406 Hringe
456 2342 761 2399 nominant;
804 2351 854 2390 et
893 2341 1013 2390 inde
1052 2341 1172 2390 tulit
1210 2339 1482 2390 thesauros
1523 2340 1839 2406 multiplices
1867 2349 1918 2388 et
1943 2340 2226 2388 transmisit
2250 2340 2380 2403 patri
2409 2353 2525 2406 suo,

217 2440 268 2478 et
306 2431 417 2494 ipse
457 2439 639 2497 postea
680 2446 801 2480 cum
844 2432 1067 2480 exercitu
1108 2446 1206 2479 suo
1249 2439 1298 2479 et
1337 2430 1541 2496 magnis
1581 2427 1834 2478 thesauris
1872 2426 2179 2478 Avarorum
2205 2429 2441 2493 pervenit
2474 2428 2539 2475 in

216 2516 479 2572 Francia.“
2477 2526 2481 2527 ⁷

395 2637 547 2689 Ann.
585 2637 808 2689 Mosell.
850 2636 915 2686 ad
955 2653 999 2689 a.
1029 2651 1130 2702 795
1173 2634 1332 2705 (ibid.‚
1369 2634 1506 2698 XVI,
1533 2631 1693 2703 498):
1737 2633 1896 2704 „Inde
1936 2644 2111 2683 autem
2153 2635 2204 2682 in
2246 2632 2526 2684 Saxoniam

222 2740 445 2792 pergens
487 2725 579 2795 (sc.
603 2741 691 2775 rex
731 2722 943 2794 Karlus)
984 2741 1208 2792 eamque
1248 2725 1402 2774 latius
1429 2724 1682 2773 vastando
1711 2737 2007 2790 peragrans,
2049 2725 2236 2773 iterum
2277 2738 2526 2789 prospere

217 2825 458 2881 tempore
498 2818 740 2865 autumni
782 2815 847 2865 ad
888 2816 1055 2883 Aquis
1094 2816 1279 2866 venit.“

399 2934 551 2987 Ann.
589 2949 634 2986 s,
671 2934 925 2987 Amandi
965 2933 1030 2982 ad
1071 2949 1115 2985 a.
1154 2931 1261 2999 796
1302 2930 1462 3000 (ibid.‚
1506 2930 1542 2990 1,
1594 2926 1703 2999 14):
1766 2929 1983 2990 „Carlus
2033 2946 2120 2980 rex
2159 2928 2327 2980 filium
2368 2947 2527 2980 suum

219 3019 510 3088 Pippinum
551 3025 834 3072 transmisit
873 3024 924 3071 in
967 3020 1209 3071 Chunia:
1253 3031 1303 3070 et
1342 3022 1438 3087 ipsi
1480 3036 1604 3070 eum
1645 3030 1954 3086 receperunt
1985 3036 2105 3070 cum
2141 3033 2291 3087 pace;
2334 3029 2384 3071 et
2421 3017 2528 3069 the·

219 3125 402 3161 sauros
441 3111 640 3161 multos
681 3113 881 3178 accepit
920 3121 971 3161 et
1009 3113 1059 3159 in
1101 3109 1374 3159 Franciam
1415 3106 1675 3161 adduxit.“

398 3230 546 3283 Hist.
565 3230 816 3296 Langob.
843 3232 966 3282 eod.
986 3229 1260 3287 Gothani‚
1285 3244 1326 3280 c.
1349 3244 1379 3294 9
1405 3225 1549 3297 (MG.
1567 3225 1655 3278 SS.
1679 3242 1775 3278 rer.
1798 3226 2050 3296 Langob.,
2069 3244 2119 3293 p.
2149 3242 2164 3276 ι
2187 3223 2256 3294 ι);
2286 3268 2314 3297 ,,
2336 3267 2349 3280 .
2372 3267 2385 3281 .
2404 3266 2417 3280 .
2437 3242 2530 3293 per

225 3334 387 3386 quem
428 3317 520 3388 (sc.
544 3316 856 3387 Pippiuum)
898 3318 1077 3368 Tratia
1116 3319 1386 3384 provincia
1427 3332 1530 3365 una
1569 3332 1691 3366 cum
1732 3315 1917 3365 Abaris
1957 3316 2023 3365 ad
2062 3314 2386 3366 Francorum
2426 3331 2528 3365 ser-

222 3408 446 3457 vitutem
501 3418 578 3458 est
629 3408 848 3460 redacta.
910 3406 986 3456 Illi
1039 3407 1130 3474 qui
1182 3405 1246 3455 ab
1298 3407 1454 3455 inicio
1507 3405 1771 3454 malorum
1820 3406 1978 3470 stirpe
2032 3406 2291 3471 progeniti
2333 3406 2527 3454 inimici

225 3496 609 3556 aecclesiarum,
650 3507 1009 3563 persecutores
1050 3494 1451 3544 christianorum
1491 3508 1699 3558 semper
1739 3491 1966 3551 fuerunt,
2007 3507 2101 3559 per
2140 3494 2256 3551 istc,
2298 3503 2356 3542 ut
2401 3493 2528 3542 dixi-

226 3600 361 3652 mus,
399 3584 601 3635 domno
642 3583 869 3651 Pippino
910 3601 1003 3633 seu
1044 3594 1094 3632 et
1133 3584 1263 3648 patri
1304 3597 1403 3631 suo
1442 3580 1691 3630 solatium
1731 3580 2011 3647 supradicti
2052 3581 2208 3630 Abari
2249 3592 2372 3631 sunt
2411 3597 2529 3631 eva-

227 3674 362 3722 cuati
406 3683 456 3722 et
494 3676 738 3742 superati,
777 3683 827 3722 et
866 3683 1071 3722 sanctae
1112 3670 1387 3720 aecclesiae
1428 3667 1738 3738 defensatae,
1778 3678 1829 3718 et
1866 3669 2033 3719 multa
2059 3686 2180 3720 vasa
2206 3680 2527 3736 sanctorum,

227 3775 362 3827 quae
404 3761 474 3810 illi
516 3761 753 3811 crudeles
794 3771 843 3811 et
883 3763 1030 3827 impii
1073 3768 1372 3827 rapuerunt,
1411 3772 1503 3824 per
1542 3759 1699 3807 istum
1741 3755 2124 3807 defensatorem
2165 3769 2288 3808 sunt
2315 3759 2378 3809 ad
2407 3774 2527 3825 pro-

227 3849 395 3913 priam
435 3854 687 3902 reversa.“

403 3963 571 4016 Pauli
612 3967 842 4019 diaconi
883 3964 1266 4017 Continuatio
1294 3963 1561 4014 Romana
1593 3962 1659 4012 ad
1684 3979 1728 4016 a.
1753 3962 1859 4030 796
1886 3961 2015 4034 (ibid
2036 4006 2050 4033 ,
2074 3982 2124 4032 p.
2153 3962 2302 4034 202):
2342 3966 2526 4034 „Hun-

229 4065 419 4101 norum
461 4069 604 4119 gens‚
647 4070 750 4122 que
792 4064 899 4104 erat
938 4053 1070 4103 ultra
1111 4052 1430 4109 Danubium,
1473 4066 1565 4117 per
1603 4049 1906 4117 pippinum,
1948 4050 2124 4103 Caroli
2167 4056 2299 4120 regis
2338 4051 2524 4112 filium,

230 4135 550 4190 Francorum
591 4144 833 4209 potestati
873 4143 1119 4209 subiecta,
1157 4140 1323 4189 deleta
1365 4142 1489 4191 est.“
