2872 4504
312 205 398 246 268
1393 188 1460 244 ἐι.
1493 203 1594 255 226,
1626 203 1730 244 227.
2431 267 2608 273 ——

310 379 458 447 niem
496 396 533 433 v
571 378 828 447 Franoiji‚
877 381 946 432 da
986 393 1076 430 mu
1115 374 1256 430 hode
1295 391 1334 428 v
1373 374 1588 442 sludaju
1627 391 1819 443 zmage
1869 375 2113 443 povrniti
2153 390 2251 429 vse
2290 373 2466 438 kraje,
2507 373 2609 426 ka-

311 469 452 521 terih
490 483 555 521 so
595 483 655 521 se
695 467 939 535 polastili
979 465 1343 532 Langobardi.
1386 464 1513 517 Med
1552 465 1791 531 drugimi
1830 462 2098 517 deielami
2123 463 2182 515 in
2205 463 2364 516 mesti
2391 459 2609 528 omenja

311 557 498 610 listina
538 556 654 609 tudi
697 557 987 623 „ducatum
1026 552 1376 606 Venetiarum
1416 560 1468 605 et
1507 551 1755 606 Istriae“.

488 643 688 696 Datum
727 641 967 707 manjka.
994 638 1031 709 ¹)

491 730 706 802 [Codice
760 731 1028 780 Trevisani
1087 747 1119 779 v
1158 728 1442 780 Benetkah.
1508 758 1566 765 —
1607 729 1933 796 Kandler‚
1989 726 2187 778 Codice
2228 727 2352 793 dipl.
2395 726 2502 779 Istr.
2543 727 2608 776 ad

313 838 355 873 a.
404 836 525 887 753.
565 850 636 857 —
676 819 1144 887 Miihlbacner‚
1184 817 1309 884 Reg.
1349 818 1441 866 der
1482 817 1762 883 Karoling„
1810 817 1867 868 st.
1907 832 1973 883 75
2018 814 2131 886 (73)
2172 812 2334 888 (reg.)]

1303 1041 1413 1127 St.
1467 1058 1632 1126 227.

628 1171 641 1184 “
827 1168 847 1197 ²

490 1170 664 1326 gloog’le
682 1170 960 1328 ⁷1³5r⁵eie>lzlo
997 1259 1272 1313 nekoliko
1312 1257 1458 1327 oasa,
1509 1257 1690 1310 odkar
1725 1256 1781 1323 je
1819 1258 2062 1325 nastopil
2101 1258 2269 1311 vlado
2322 1259 2446 1312 med
2486 1256 2615 1313 Slo-

311 1348 474 1403 venei
513 1347 757 1415 vojvoda
811 1348 1067 1418 Hotimir‚
1104 1347 1159 1414 je
1197 1347 1376 1416 prosil
1427 1347 1875 1414 solnograskega
1928 1347 2095 1400 §kofa
2134 1346 2408 1414 Virgilija‚
2449 1348 2518 1400 da
2558 1346 2616 1399 bi

310 1438 484 1508 prisel
524 1437 749 1491 obiskat
787 1436 1029 1504 njegovo
1068 1436 1315 1503 ljudstvo
1367 1443 1450 1489 ter
1488 1451 1559 1503 ga
1599 1437 1804 1504 potrdil
1844 1451 1880 1488 v
1918 1438 2060 1489 sveti
2101 1437 2235 1490 veri.
2251 1434 2292 1506 ³)
2346 1435 2446 1504 Tej
2488 1434 2616 1503 ielji

312 1526 533 1595 Virgilij
575 1526 632 1579 ni
673 1526 856 1594 mogel
899 1524 1106 1579 ustredi
1145 1526 1202 1578 in
1241 1531 1366 1578 zato
1400 1524 1457 1591 je
1497 1526 1620 1578 med
1659 1523 1936 1579 Slovenoe
1959 1526 2142 1593 poslal
2167 1524 2333 1579 skofa
2358 1518 2611 1580 Modesta

311 1631 377 1669 za
416 1613 645 1682 svojega
684 1613 1034 1668 namestnika
1073 1622 1157 1667 ter
1194 1613 1224 1667 i
1263 1613 1399 1680 njim
1437 1613 1762 1667 duhovnike
1799 1613 2073 1683 Wattona,
2096 1614 2446 1683 Reginberta,
2469 1613 2616 1668 Koz-

310 1703 470 1771 harja
522 1704 577 1756 in
633 1702 841 1773 Latina,
891 1711 1076 1770 potem
1130 1703 1396 1770 diJ'akona
1449 1699 1746 1757 Ekehar'da
1795 1703 1853 1755 in
1898 1701 1996 1756 ved
2034 1703 2235 1771 drugih
2274 1699 2613 1772 klerikov.⁸)

311 1793 571 1846 Modestu
605 1791 661 1858 J'e
701 1793 792 1845 dal
831 1794 1030 1860 oblast,
1078 1794 1149 1845 da
1184 1792 1240 1858 J'e
1279 1792 1419 1846 smel
1458 1807 1531 1860 po
1583 1791 1890 1846 oerkvenih
1944 1791 2216 1860 postavah
2255 1790 2615 1860 posveoevati

312 1881 522 1936 oerkve
575 1881 632 1934 in
683 1881 1029 1950 duhovnike3
1068 1898 1100 1935 a
1140 1882 1480 1950 prepovedal
1527 1896 1619 1934 mu
1670 1879 1725 1948 je
1764 1880 1948 1934 storiti
2001 1879 2094 1947 kaj
2154 1880 2373 1951 takega,
2414 1880 2520 1935 kar
2557 1881 2614 1935 bi

310 1966 712 2039 nasprotovalo
750 1971 998 2025 naukom
1035 1972 1215 2025 svetih
1257 1970 1475 2025 ooetov.

488 2060 676 2112 Conv.
716 2059 853 2125 Bag.
893 2065 952 2112 et
991 2060 1245 2121 Caram..
1288 2076 1329 2113 c.
1372 2075 1397 2124 5
1442 2058 1584 2129 (MG.
1626 2059 1727 2127 SS.,
1765 2059 1851 2128 XI,
1891 2056 1968 2128 7):
2030 2059 2284 2119 „Peractis
2336 2061 2616 2128 aliquantis

311 2151 639 2214 temporibus
680 2151 1109 2215 praenominatus
1150 2150 1255 2198 dux
1311 2147 1729 2198 Carantanorum
1784 2149 1932 2215 petiit
1971 2147 2246 2215 Virgilium
2304 2151 2614 2216 episcopum

313 2241 516 2288 visitare
557 2238 819 2306 populum
863 2241 1029 2305 gentis
1071 2239 1223 2305 illius,
1264 2255 1463 2306 eosque
1503 2241 1554 2287 in
1597 2236 1700 2287 fide
1742 2236 1959 2287 firmiter
1986 2236 2296 2290 confortare.
2338 2236 2502 2299 Quod
2530 2238 2614 2288 ille

312 2339 438 2377 tunc
478 2330 696 2376 minime
750 2327 1015 2393 adinplere
1062 2329 1235 2386 valuit,
1290 2327 1381 2376 sed
1437 2344 1530 2377 sua
1571 2331 1682 2377 vice
1739 2329 1900 2377 misso
1953 2343 2051 2377 suo
2107 2329 2358 2394 episcopo
2400 2330 2616 2377 nomine

313 2416 555 2466 Modesto
597 2417 662 2465 ad
703 2417 995 2466 docendam
1039 2418 1177 2466 illam
1220 2417 1446 2484 plebem,
1497 2428 1547 2467 et
1586 2433 1708 2467 cum
1750 2434 1813 2466 eo
1855 2416 2181 2476 Wattonem,
2223 2415 2618 2483 Reginbertum,

312 2504 636 2555 Cozharium
678 2517 834 2573 atque
874 2505 1120 2555 Latinum
1162 2506 1494 2575 presbyteros
1534 2522 1676 2575 suos,
1716 2516 1766 2555 et
1804 2504 2131 2556 Ekihardum
2173 2506 2456 2556 diaconum
2495 2521 2619 2555 cum

312 2595 423 2642 aliis
464 2595 673 2663 clericiS‚
713 2595 841 2643 dans
883 2597 926 2643 ei
967 2578 1233 2644 licentiam·
1272 2595 1511 2644 ecclesias
1553 2611 1858 2644 consecraae
1891 2605 1942 2644 et
1968 2595 2181 2644 clericos
2210 2594 2448 2644 ordinare
2478 2596 2619 2645 iuxta

313 2699 578 2732 canonum
619 2681 1003 2752 diffinitionem,
1043 2682 1277 2751 nihilque
1318 2685 1414 2733 sibi
1455 2700 1706 2750 usurpare
1747 2684 1895 2751 quod
1935 2684 2152 2734 decretis
2192 2694 2494 2734 sanctorum
2524 2701 2620 2751 pa-

313 2783 448 2822 trum
491 2770 814 2824 contrairet.“

487 2860 844 2926 Excerptum
885 2863 954 2913 de
1010 2861 1365 2913 Karentanis
1416 2859 1559 2932 (MG.
1600 2860 1708 2919 SS..
1753 2860 1843 2927 XI,
1895 2859 2001 2931 14):
2063 2861 2403 2922 „Karentanis
2443 2864 2616 2928 primo

312 2950 594 3015 predicavit
631 2949 905 2999 Modestus
955 2953 1235 3017 episcopus
1289 2953 1479 3001 missus
1522 2962 1572 3000 et
1623 2962 1956 3001 consecratus
1997 2968 2025 3000 a
2067 2951 2220 3001 beato
2265 2950 2476 3020 Virgilio
2517 2952 2614 3001 sub

312 3037 538 3105 Pippino
581 3037 907 3088 Francorum
947 3045 1112 3106 rege.“

488 3127 626 3178 Vita
666 3127 719 3178 S.
761 3127 1006 3192 Virgilii,
1062 3129 1162 3178 lect
1216 3127 1304 3181 1V.
1354 3127 1497 3198 (MG.
1537 3127 1638 3186 SS„
1679 3127 1768 3187 XI,
1812 3125 1931 3198 87):
1991 3127 2248 3198 „Peractis
2300 3139 2477 3178 autem
2525 3129 2617 3178 ali·

312 3218 526 3283 quantis
565 3217 906 3286 temporibus,
947 3220 1342 3282 prenominatus
1383 3218 1489 3267 dux
1529 3216 1991 3278 Quarantanorum
2034 3219 2183 3284 petiit
2220 3228 2456 3268 sanctum
2499 3216 2614 3268 Vir-

311 3305 496 3372 gilium
550 3306 858 3371 episcopum
901 3308 1104 3355 visitare
1159 3307 1425 3372 populum
1469 3308 1636 3372 gentis
1689 3306 1842 3375 illius,
1896 3323 2094 3374 eosque
2147 3308 2198 3355 in
2252 3304 2355 3356 fide
2394 3304 2613 3357 firmiter

493 3450 526 3503 ¹)
557 3452 757 3496 Zastran
788 3451 1018 3507 datiranja
1052 3451 1142 3507 glej
1179 3452 1504 3509 Miihlbacher,
1536 3452 1567 3497 l.
1600 3464 1640 3499 c.

491 3524 523 3580 ²)
555 3526 754 3569 Zastran
786 3526 1019 3581 datiranja
1050 3526 1111 3581 gl.
1145 3526 1337 3570 doticno
1369 3528 1557 3583 opazko
1588 3527 1685 3583 pod
1716 3527 1777 3571 st.
1800 3531 1903 3572 223.

493 3598 526 3655 ⁸)
559 3600 727 3644 Kakor
757 3612 812 3644 se
843 3600 956 3653 vidi,
981 3603 1034 3656 je
1065 3601 1274 3657 pridobil
1305 3601 1538 3658 Majoran,
1559 3600 1611 3645 ki
1626 3603 1678 3656 je
1702 3600 1852 3657 prisel
1876 3612 1902 3644 s
1923 3599 2212 3644 Hotimirom
2233 3599 2340 3644 med
2363 3598 2612 3658 Slovence,

311 3676 467 3730 preeej
502 3675 666 3719 veliko
713 3674 832 3729 ljudi
878 3687 932 3719 za
970 3681 1112 3719 sveto
1142 3687 1275 3720 vero.
1320 3675 1537 3730 Drugaee
1568 3686 1628 3719 ne
1658 3675 1707 3718 bi
1737 3674 1806 3718 bil
1847 3673 2056 3718 Hotimir
2096 3674 2250 3730 prosil
2287 3674 2379 3718 kar
2423 3674 2495 3718 sk
2513 3673 2578 3717 of
2588 3685 2618 3718 a

312 3742 544 3804 Virgilija‚
577 3749 637 3792 da
657 3749 706 3792 bi
730 3749 878 3804 prisel
909 3749 1088 3805 potrdit
1118 3751 1327 3804 njegovo
1358 3749 1574 3805 ljudstvo
1597 3762 1629 3793 v
1652 3748 1768 3793 veri.
1800 3747 1987 3804 Virgilij
2005 3748 2059 3802 je
2079 3747 2239 3803 poslal
2261 3759 2323 3791 na
2347 3746 2615 3792 slovensko

312 3823 483 3875 zemlio
516 3823 791 3879 posebnega
821 3823 964 3867 §kofa
995 3823 1044 3866 in
1075 3823 1240 3867 veliko
1272 3823 1603 3880 duhovnikov,
1648 3823 1739 3867 kar
1784 3822 1917 3880 kaie,
1948 3822 2007 3865 da
2040 3820 2214 3866 stevilo
2261 3821 2534 3877 kristjanov
2563 3820 2614 3865 ni

311 3895 411 3940 bilo
443 3902 690 3941 neznatno.

489 3968 523 4026 ⁴)
555 3970 714 4014 Imena
745 3969 824 4014 teh
855 3970 1171 4014 duhovnikov
1202 3971 1386 4025 kazejo.
1419 3970 1479 4014 da
1510 3982 1568 4014 so
1600 3969 1686 4014 bili
1717 3969 1967 4014 vecinoma
1997 3969 2198 4013 nemske
2227 3968 2529 4025 narodnosti3
2563 3968 2609 4013 le

312 4048 364 4087 tu
395 4043 444 4086 in
475 4048 571 4087 tam
598 4044 652 4097 je
696 4043 762 4086 bil
804 4044 904 4088 kak
954 4049 1174 4100 potomec
1214 4044 1475 4100 nekdanjih
1517 4044 1807 4100 Rimljanov‚
1853 4042 2040 4087 katerih
2072 4043 2126 4097 je
2156 4056 2190 4088 v
2218 4042 2377 4087 tistem
2407 4043 2523 4087 casu
2554 4042 2609 4087 se

310 4118 465 4173 precej
501 4117 663 4162 veliko
696 4117 848 4161 iivelo
880 4130 944 4173 po
976 4118 1132 4174 zemlji
1164 4118 1422 4174 sedanjega
1453 4117 1858 4173 Solnograskega.
