2872 4504
366 257 422 296 88
1402 241 1468 296 St.
1498 258 1569 306 80,
1602 258 1671 296 81.

364 432 735 495 episcoporum
760 430 995 480 Marcum
1023 448 1180 479 suum
1208 431 1528 496 discipulum
1556 443 1605 480 et
1632 430 1990 480 Hermachora
2017 447 2138 481 cum
2171 443 2464 483 ceterorum
2490 451 2659 501 usque

363 517 557 579 Niceta3
597 520 719 585 quia
760 521 920 582 ipsius
960 529 1197 583 tempore
1226 519 1484 568 destructa
1525 517 1623 568 fuit
1662 521 1879 571 civitate.
1918 519 2207 587 Postquam
2249 522 2508 571 destructa
2540 521 2654 581 fuit,

363 605 575 670 predicti
615 621 772 670 supra
813 609 892 655 isti
933 609 1168 673 quinque
1210 608 1598 673 episcoporum,
1652 607 1800 674 quod
1840 623 1931 673 per
1971 610 2190 658 nomina
2229 610 2350 658 dicti
2392 621 2529 666 sunt,
2589 611 2653 659 de

364 693 629 742 nullorum
670 696 1058 762 episcoporum,
1097 695 1245 761 quod
1284 711 1441 759 supra
1481 695 1680 752 dicitur,
1734 695 1890 744 laude
1931 694 2143 745 fuerunt
2183 697 2280 745 illis
2321 696 2526 756 habere;
2578 709 2656 747 set

362 780 600 830 Romane
640 783 774 831 sedis
803 783 1101 848 apostolicis
1127 780 1401 848 pontifices
1431 783 1527 832 illis
1555 784 1914 832 transmitebat
1934 800 2054 833 cum
2083 785 2249 849 palliis
2278 787 2654 838 benedictione.

360 867 673 919 Benedictus
713 887 957 938 namque>
997 873 1384 919 sanctissimum
1411 882 1460 920 et
1499 871 1939 937 benignissimum
1966 870 2288 940 pontificem,
2326 873 2434 922 dux
2458 873 2658 922 Metau-

363 973 699 1006 maucensem
738 957 959 1007 Beatum
1001 974 1120 1007 cum
1165 960 1413 1008 omnibus
1453 960 1670 1008 tribunis
1710 959 1859 1026 quod
1897 960 1963 1008 ad
1988 977 2112 1009 eum
2153 963 2462 1028 inquisitum
2488 960 2660 1029 habet,

360 1059 452 1109 per
490 1042 887 1095 confirmatione
928 1049 979 1094 in
1022 1045 1340 1096 Gradensem
1385 1049 1644 1116 civitatem
1692 1049 2159 1114 metropolitanum
2190 1047 2496 1114 pontificem
2536 1066 2662 1099 con·

359 1133 534 1181 silium
575 1131 695 1183 fecit
733 1135 914 1184 decem
955 1146 1005 1184 et
1044 1146 1163 1185 octo
1206 1138 1597 1201 episcoporum;
1638 1136 1870 1185 laudavit
1909 1147 1959 1185 et
1998 1135 2328 1187 confirmavit
2367 1154 2459 1204 per
2498 1141 2658 1204 privi-

358 1220 477 1287 legii
518 1234 823 1289 preceptum
864 1224 1303 1289 subscriptionem
1343 1241 1477 1290 pape
1518 1227 1624 1273 sive
1664 1227 1760 1274 toti
1791 1227 2011 1274 istorum
2054 1228 2284 1292 episcopi
2308 1226 2521 1275 Paulus
2554 1242 2661 1276 car·

358 1310 543 1359 dinalis
570 1311 633 1359 de
674 1311 956 1362 duodecim
985 1313 1303 1362 ordinalibus
1326 1310 1364 1382 ¹)
1405 1313 1644 1362 Romane
1677 1314 1813 1362 sedis
1842 1314 2069 1373 ecclesie,
2113 1317 2498 1364 constituerunt
2525 1331 2660 1364 nove

359 1399 633 1466 Aquilegie
674 1398 878 1449 Gradus
920 1403 1123 1450 civitate
1163 1403 1635 1466 metropolitanum
1676 1412 1824 1460 esset;
1868 1405 2205 1452 instituerunt
2242 1405 2404 1453 totius
2432 1402 2655 1453 Venecie

357 1483 483 1555 fieri,
521 1489 687 1537 immo
729 1499 779 1537 et
817 1487 1002 1548 Ystrie‚
1047 1491 1274 1558 „scilicet
1312 1490 1378 1538 ad
1406 1491 1690 1556 regendam
1711 1491 1983 1540 ecclesiam
2009 1478 2164 1559 atque
2191 1507 2314 1541 cum
2340 1490 2435 1540 Dei
2475 1494 2663 1541 timore

361 1576 814 1645 „dispensandam‚
866 1580 1054 1627 emissa
1095 1580 1243 1628 vobis
1286 1581 1622 1644 preceptione
1663 1581 1950 1630 concedere
1991 1581 2262 1633 debemus,
2320 1579 2665 1647 Quapropter

360 1667 545 1729 „vestri
585 1677 943 1732 compatentes
986 1669 1176 1716 merori.
1217 1669 1603 1727 necessitudini,
1657 1685 1750 1736 per
1790 1670 1940 1719 illum
1980 1671 2209 1736 precepti
2250 1671 2436 1719 seriem
2478 1685 2659 1736 supra-

361 1755 636 1819 „scriptam
677 1757 933 1804 civitatem
992 1753 1314 1805 Gradensem
1366 1759 1536 1806 tocius
1580 1756 1802 1807 Venecie
1844 1756 1953 1807 fieri
2008 1774 2129 1807 cum
2186 1758 2436 1807 omnibus
2487 1767 2654 1807 vestre

358 1842 619 1910 „ecclesiis
661 1845 1037 1908 pertinentibus
1059 1855 1109 1893 et
1136 1843 1303 1893 Ystrie
1345 1846 1684 1911 metropolim
1718 1857 1974 1912 perpetuo
2002 1842 2480 1914 confirmamus.“²)
2523 1845 2655 1896 Sub-

355 1933 636 1996 scriptione
676 1942 727 1980 et
765 1929 1164 1982 confirmatione
1215 1935 1592 1999 episcoporum
1633 1934 1730 1984 sub
1773 1934 1910 1983 illius
1966 1937 2170 2000 scripsit
2221 1945 2271 1984 et
2324 1932 2660 1985 confirmavit

354 2020 603 2086 privilegii
646 2031 955 2086 preceptum
983 2022 1260 2088 gardinalis
1280 2019 1322 2090 ³)
1361 2021 1603 2071 Romane
1631 2025 1933 2072 universalis
1972 2024 2199 2083 ecclesie,
2241 2040 2344 2091 que
2371 2022 2655 2090 archipres-

313 2155 321 2165 ,
356 2110 519 2158 biterii
560 2112 666 2159 sive
704 2106 720 2179 Η
760 2113 1134 2176 episcoporum
1175 2113 1225 2159 in
1269 2112 1481 2160 illorum
1524 2113 1706 2161 ordine
1748 2112 2128 2177 conpellentur,
2173 2128 2294 2162 cum
2335 2115 2541 2180 triginta
2570 2114 2654 2162 alii

358 2198 782 2263 presbiterorum.
839 2197 1114 2249 Concessit
1161 2199 1474 2250 Benedictus
1515 2217 1667 2269 papa,
1722 2200 1912 2250 Beatus
1953 2201 2059 2250 dux
2098 2218 2221 2251 cum
2264 2204 2409 2251 omni
2453 2202 2658 2268 populo

356 2285 579 2335 Venecie
628 2288 1098 2353 metropolitanum
1149 2288 1438 2355 patriarcha
1492 2287 1758 2339 Gradense
1816 2306 1951 2339 nove
1992 2290 2268 2358 Aquilegie
2325 2292 2542 2340 clvitatis
2601 2301 2658 2340 ut

355 2375 579 2442 eligeret,
635 2387 684 2425 et
723 2376 829 2425 dux
870 2379 1146 2434 investiret,
1192 2388 1247 2427 ut
1288 2393 1379 2443 per
1419 2395 1581 2427 manu
1623 2377 1865 2428 Romane
1906 2379 2041 2428 sedis
2083 2376 2388 2445 pontificem
2441 2380 2655 2428 investi-

354 2466 553 2512 tionem
595 2466 862 2532 acciperet‚
916 2476 966 2515 et
1006 2467 1153 2515 illum
1197 2467 1351 2516 debet
1392 2482 1711 2531 consecrare,
1772 2478 1823 2516 et
1863 2483 1985 2516 cum
2035 2468 2285 2534 privilegii
2343 2477 2653 2533 preceptum

351 2568 445 2619 per
482 2554 766 2603 concilium
807 2569 928 2603 cum
970 2555 1122 2604 laude
1164 2566 1214 2605 et
1252 2553 1660 2605 confirmacione
1702 2558 2074 2623 episcoporum
2117 2568 2311 2605 etcum
2344 2555 2467 2621 palii
2495 2556 2657 2604 bene-

353 2641 551 2691 ditione
592 2645 641 2690 in
683 2644 958 2710 Aquilegie
999 2661 1135 2694 nove
1176 2647 1392 2694 civitatis
1434 2643 1640 2695 Gradus
1683 2646 1963 2711 metropoli
2005 2643 2307 2697 revertere.“

1370 2883 1480 2970 st„
1536 2902 1650 2971 81.

1335 3027 1692 3100 Neuristnof)

532 3098 648 3155 Med
689 3098 1012 3158 574—578.
1364 3134 1367 3135 ν

532 3187 710 3256 Papei
739 3189 1118 3260 Benedikt(1.)
1159 3190 1278 3257 pise
1316 3192 1818 3260 gradeskemu
1858 3194 2244 3262 patriarhu
2285 3192 2332 3266 [.,
2350 3195 2665 3249 Gradensi

354 3275 811 3348 patriarchae“]
861 3285 946 3332 ter
995 3293 1086 3332 mu
1145 3279 1431 3351 naznanja‚
1482 3283 1553 3333 da
1592 3297 1683 3334 mu
1720 3281 1775 3348 je
1813 3281 2068 3353 (papeia)
2108 3284 2252 3352 pisal
2306 3285 2445 3338 eden
2483 3283 2660 3337 izmed

353 3363 617 3432 njegovih
672 3365 1096 3437 (patriarhovih)
1152 3368 1411 3438 rojakov,
1450 3385 1480 3423 z
1520 3370 1760 3424 imenom
1798 3371 1950 3441 Ivan‚
2003 3378 2224 3425 zastran
2263 3372 2502 3427 moiitve
2540 3371 2658 3438 nje·

537 3511 566 3564 ¹)
598 3512 819 3557 Morebiti
848 3514 1221 3569 „cardinalibus“
1254 3516 1317 3560 ali
1350 3529 1412 3573 pa
1448 3517 1774 3573 „ordinariis“.
1797 3543 1851 3549 —
1874 3507 1937 3563 Ze
1961 3519 2144 3565 Rubeis
2176 3520 2323 3577 (Mon.
2349 3521 2460 3565 ecel.
2483 3519 2657 3577 Aquil.‚

354 3584 443 3628 col.
477 3584 582 3642 203)
606 3587 659 3640 je
691 3587 887 3644 dvomil‚
931 3589 990 3633 da
1014 3591 1067 3644 je
1098 3590 1166 3634 bil
1198 3590 1350 3635 Pavel
1380 3594 1481 3647 prej
1517 3592 1734 3636 kardinal
1766 3593 1948 3636 rimske
1979 3594 2168 3638 cerkve.
2218 3593 2267 3638 Iz
2298 3595 2453 3650 pisma
2483 3596 2660 3650 papeia

356 3657 570 3714 Pelagija
601 3660 637 3702 Ι.
660 3660 721 3704 do
754 3650 970 3718 patricija
1001 3663 1149 3708 Ivana
1181 3676 1365 3708 smemo
1397 3665 1620 3722 sklepati,
1652 3666 1712 3710 da
1736 3667 1789 3721 je
1820 3666 1888 3710 bil
1919 3669 2020 3722 prej
2055 3667 2228 3712 menih.
2262 3668 2356 3725 (Gl.
2382 3669 2441 3713 st.
2467 3669 2557 3724 64.)
2588 3667 2659 3711 Ne

356 3743 491 3776 more
522 3744 576 3777 se
607 3734 747 3791 trditi,
785 3736 844 3779 da
868 3738 921 3790 je
953 3736 1052 3781 bilo
1084 3751 1117 3782 v
1147 3737 1291 3782 Rimu
1323 3752 1377 3783 za
1409 3742 1589 3796 papeia
1620 3740 1884 3784 Benedikta
1915 3741 1952 3787 1.
1974 3741 2198 3796 dvanajst
2227 3742 2530 3787 kardinalov.

532 3805 566 3860 ²)
600 3807 674 3851 Tu
691 3809 744 3862 je
766 3809 952 3865 pisatelj
980 3811 1074 3855 dva
1095 3813 1270 3857 stavka
1294 3813 1357 3857 od
1399 3814 1574 3858 besede
1598 3814 1659 3858 do
1695 3814 1871 3859 besede
1902 3815 2114 3870 prepisal
2146 3815 2186 3858 iz
2219 3816 2461 3872 nepristne
2491 3815 2667 3872 listine,

357 3879 527 3924 katero
552 3883 605 3935 je
637 3882 744 3935 baie
776 3886 925 3939 pape}
957 3884 1138 3941 Pelagij
1174 3886 1233 3929 II.
1267 3887 1425 3941 poslal
1456 3888 1603 3932 skofu
1634 3888 1814 3943 Heliju.
1846 3888 1940 3943 (Gl.
1964 3889 2024 3933 st.
2047 3893 2140 3941 84.)

540 3953 573 4005 ⁸)
612 3954 938 4009 „Gardinalis“
975 3966 1193 4003 namesto
1231 3960 1556 4016 „cardinalis“.

538 4027 572 4074 ⁴1
608 4028 763 4084 Papei
795 4030 1029 4075 Benedikt
1059 4033 1097 4077 Ι.
1130 4033 1177 4076 ni
1209 4034 1334 4090 pisal
1354 4036 1528 4090 takega
1559 4035 1715 4091 pisma
1746 4037 2068 4091 gradeskemu
2098 4036 2356 4094 patriarhu,
2403 4037 2491 4080 ker
2513 4038 2566 4090 je
2598 4035 2664 4079 bil

361 4106 422 4148 ta.
455 4101 615 4159 kaqu
644 4115 755 4146 nam
778 4105 831 4159 je
862 4117 1031 4162 znano,
1063 4108 1329 4153 razkolnik.
1370 4109 1573 4164 Mogoee
1597 4111 1665 4167 je,
1696 4110 1756 4154 da
1779 4112 1833 4165 je
1863 4111 1999 4155 kako
2031 4111 2146 4155 tako
2177 4110 2335 4166 pismo
2367 4110 2523 4165 poslal
2555 4121 2664 4164 gra-

357 4173 593 4219 deskemu
625 4176 868 4231 patriarhu
899 4178 998 4223 kak
1030 4181 1246 4236 poznejsi
1277 4184 1427 4238 papei
1457 4188 1564 4238 tega
1595 4183 1764 4228 imena.
