2872 4504
1213 241 1292 296 St„
1326 255 1428 308 312,
1459 255 1559 295 313.
2458 251 2548 292 349

1245 419 1356 504 St.
1397 435 1551 506 312.

416 529 544 586 797.

413 618 463 671 V
502 624 612 672 tem
662 619 776 672 letu
823 618 880 685 je
934 620 1012 673 bil
1068 619 1214 686 kralj
1256 620 1417 689 Pipin
1470 635 1502 673 z
1556 617 1899 673 bavarskimi
1949 617 2006 670 in
2061 616 2545 683 langobardskimi

235 705 435 762 &tami
460 707 660 775 poslan
684 709 792 762 nad
832 707 1155 762 Slovane
1173 708 1229 777 ,¹)
1269 708 1506 762 katerim
1542 707 1598 775 J'e
1637 706 1913 776 opustosil
1951 703 2068 771 njih
2107 704 2324 771 zemljo.
2363 705 2505 758 Fur
2528 736 2555 745 ·

233 795 488 850 lanski
542 794 658 862 voj
682 797 875 850 voda
924 797 1108 851 Erik
1157 797 1214 863 J'e
1252 812 1323 865 pa
1362 796 1531 865 pelial
1570 795 1793 865 vojsko,
1847 792 2188 860 sestavlJ'eno
2227 793 2279 846 iz
2318 793 2545 863 Lango-

229 885 443 938 bardov
481 884 538 938 in
576 884 861 950 Frankov‚
901 886 1010 938 nad
1050 885 1214 955 Obre,
1254 885 1435 939 kateri
1462 901 1528 939 so
1553 900 1614 939 se
1639 885 1690 938 iz
1714 899 1861 938 nova
1885 882 2173 937 izneverili
2201 882 2547 938 frankovski

229 973 448 1029 oblasti.
472 973 614 1026 Erik
630 972 715 1039 jih
732 973 786 1040 J'e
810 976 1095 1042 premagal
1117 982 1200 1028 ter
1218 990 1280 1029 se
1302 990 1337 1027 v
1358 971 1557 1043 drugic
1584 973 1810 1042 polastil
1838 971 1955 1040 njih
1985 969 2196 1038 zemlje.
2227 971 2364 1026 Obri
2390 988 2457 1027 so
2486 988 2555 1028 se

228 1063 429 1117 morali
450 1062 639 1131 podati
661 1069 746 1115 ter
768 1062 941 1117 iskati
955 1064 1164 1118 milosti
1182 1065 1268 1132 pri
1286 1065 1666 1132 zmagovalou.
1693 1063 1915 1117 Meseoa
1935 1063 2239 1116 novembra
2262 1077 2329 1116 so
2347 1062 2553 1130 poslali

226 1150 387 1218 svoje
425 1151 692 1220 poslanoe
730 1166 761 1204 z
800 1153 1067 1220 bogatimi
1106 1153 1270 1206 darili
1309 1154 1345 1206 h
1386 1152 1572 1219 kralJ'u
1600 1152 1810 1207 Karolu
1838 1167 1874 1205 v
1899 1151 2174 1205 Herstelle
2197 1151 2285 1219 pri
2309 1151 2545 1205 Wezeri.

406 1242 558 1292 Ann.
587 1242 779 1294 Alam.
805 1242 869 1291 ad
909 1259 952 1294 a.
979 1258 1085 1309 797
1141 1241 1286 1311 (MG.
1315 1242 1423 1312 SS.,
1458 1242 1494 1306 1,
1532 1239 1651 1310 48):
1714 1241 1963 1309 „Pipinus
2015 1257 2138 1292 cum
2193 1240 2463 1309 Baguariis
2505 1253 2561 1291 et

231 1331 494 1400 quosdam
536 1330 601 1379 de
642 1329 1002 1397 Langobardis
1042 1347 1201 1398 supet·
1241 1332 1470 1400 Sclavos‚
1510 1343 1702 1381 terram
1743 1332 2043 1400 devastavit,
2083 1341 2133 1380 et
2173 1324 2293 1381 cum
2323 1347 2449 1397 pace
2479 1346 2555 1380 re·

231 1435 412 1470 versus
454 1429 530 1468 est
569 1418 635 1468 ad
674 1430 873 1484 patrem
917 1437 1076 1469 suum
1117 1421 1380 1470 domnum
1421 1436 1599 1487 regem
1638 1419 1864 1470 Karlum
1892 1460 1905 1473 .
1933 1462 1944 1473 .
1971 1460 1983 1473 .
2011 1460 2024 1473 .
2063 1419 2248 1470 Ericus
2279 1436 2410 1470 cum
2439 1423 2550 1489 qui-

231 1508 452 1559 busdam
498 1505 708 1556 Francis
750 1518 799 1557 et
839 1507 1197 1576 Langobardis
1252 1512 1302 1558 in
1344 1509 1622 1560 Wandalis
1676 1509 1901 1574 prelium
1955 1512 2238 1577 commisit,
2277 1512 2555 1559 victoriam

235 1600 396 1664 cepit„
431 1607 622 1646 terram
663 1598 828 1662 ipsam
872 1613 994 1647 cum
1036 1599 1400 1648 dominatione
1443 1598 1628 1648 domni
1670 1600 1804 1666 regis
1845 1597 2026 1648 Karoli
2062 1597 2434 1667 ·conquisivit,“

408 1687 559 1739 Ann.
599 1685 787 1737 Guelf.
832 1687 896 1735 ad
938 1703 982 1736 a.
1025 1704 1132 1755 797
1175 1686 1335 1757 (ibid.,
1376 1686 1412 1751 I,
1454 1684 1573 1756 45):
1622 1725 1644 1748 ,,
1677 1728 1690 1740 .
1715 1727 1728 1741 .
1754 1727 1766 1740 .
1793 1698 1843 1737 et
1882 1690 2166 1738 transmisit
2203 1685 2297 1758 (sc.
2322 1688 2557 1739 Karolus

230 1772 340 1846 rex)
380 1775 670 1842 Pippinum
714 1792 835 1825 cum
877 1774 1027 1825 hoste
1045 1774 1086 1845 ²)
1127 1780 1177 1825 in
1220 1775 1544 1835 Wenedum,
1588 1788 1638 1826 et
1678 1775 1832 1825 aliam
1876 1775 2082 1826 hostem
2126 1779 2178 1826 in
2221 1774 2451 1830 Hunia.“

406 1865 556 1916 Ann.
582 1865 745 1930 regni
787 1864 994 1919 Franc.
1020 1863 1181 1935 (Ann.
1209 1863 1456 1934 Lauriss.)
1507 1865 1574 1915 ad
1598 1869 1659 1918 ἐ.
1694 1881 1801 1932 797
1854 1863 1957 1935 (ed.
1989 1865 2048 1916 F.
2080 1865 2271 1936 Kurze,
2310 1885 2358 1934 p.
2395 1863 2549 1936 102):

235 1953 336 2015 „Et
375 1954 702 2004 Novembrio
745 1971 924 2004 mense
966 1954 1227 2004 mediante
1283 1955 1347 2004 ad
1403 1953 1788 2004 hibernandum
1839 1970 1963 2005 cum
2004 1957 2226 2006 exercitu
2267 1955 2553 2006 Saxoniam

228 2045 436 2092 intravit
474 2045 767 2111 positisque
808 2045 983 2093 castris
1019 2044 1160 2110 apud
1186 2043 1458 2093 Wisoram
1486 2042 1710 2093 fluvium
1750 2044 1932 2094 locum
1973 2055 2258 2095 castrarum
2286 2046 2549 2096 Heristelli

226 2135 402 2183 vocari
444 2134 608 2185 iussit.
649 2132 775 2182 Illuc
815 2132 968 2199 legati
1010 2135 1176 2200 gentis
1201 2135 1498 2182 Avarorum
1523 2149 1643 2182 cum
1671 2134 1979 2182 muneribus
2008 2137 2211 2202 magnis
2235 2146 2494 2185 venerunt
2518 2132 2552 2161 “·

406 2222 563 2274 Ann.
603 2221 771 2274 Einh.
811 2222 875 2270 ad
917 2238 960 2273 a.
989 2237 1095 2288 797
1138 2220 1241 2292 (ed.
1275 2220 1328 2273 F.
1355 2221 1542 2290 Kurze‚
1583 2239 1632 2288 p.
1671 2218 1813 2291 103):
1860 2221 2024 2291 „Illuc
2059 2221 2151 2293 (sc.
2177 2226 2232 2277 ,in
2260 2224 2556 2290 Heristelli)

231 2310 524 2378 Pippinum
582 2311 645 2360 de
695 2310 838 2361 Italia
878 2350 890 2364 .
932 2350 944 2363 .
983 2352 995 2363 .
1037 2350 1050 2363 .
1091 2326 1383 2378 regressum
1440 2311 1505 2361 ad
1560 2327 1613 2360 se
1653 2313 1829 2360 venire
1882 2313 2045 2371 iussit,
2087 2313 2157 2362 ibi
2196 2313 2396 2380 legatos
2438 2314 2556 2364 Hu·-

229 2416 422 2451 norum
466 2416 583 2450 cum
626 2403 832 2468 magnis
872 2400 1180 2449 muneribus
1221 2400 1286 2449 ad
1325 2416 1379 2449 se
1419 2402 1609 2449 missos
1650 2400 1849 2450 audivit
1887 2411 1938 2450 et
1976 2399 2252 2452 absolvit.“

400 2488 483 2542 Cf.
521 2489 850 2541 Monachus
890 2489 1291 2554 Sangalrensis
1332 2491 1401 2541 de
1443 2488 1661 2541 Carolo
1700 2489 1795 2554 M„
1836 2489 1924 2542 lib.
1954 2489 1990 2549 Ι,
2034 2507 2074 2542 c.
2105 2506 2171 2558 27
2214 2489 2376 2561 (Jaffe
2415 2491 2550 2545 Bibl.

229 2595 328 2632 rer.
354 2577 551 2648 Germ.,
591 2578 677 2646 IV,
718 2575 867 2647 658):
927 2578 1035 2638 „Ne
1075 2594 1199 2628 vero
1242 2578 1306 2627 ab
1348 2580 1601 2644 imperitis
1642 2593 1828 2646 arguar
1867 2580 2172 2649 imperitiae,
2224 2580 2349 2649 quia
2390 2597 2550 2651 mare,

227 2668 376 2737 quod
417 2670 635 2718 nomine
675 2669 916 2736 gurgitali
957 2670 1218 2717 maximus
1259 2667 1540 2734 appellavit
1580 2669 1881 2737 imperator,
1934 2670 2066 2718 inter
2119 2686 2219 2719 nos
2259 2680 2309 2719 et
2349 2669 2553 2721 Grecos

228 2774 289 2808 ex
329 2760 441 2806 eius
483 2773 572 2807 ore
612 2760 774 2807 situm
819 2757 1101 2816 retulerim,
1144 2759 1387 2806 noverint
1426 2758 1518 2824 qui
1545 2758 1757 2810 volunt:
1802 2757 1973 2808 adhuc
2004 2758 2194 2808 Hunos
2223 2769 2273 2809 et
2295 2758 2554 2826 Bulgares-

227 2857 279 2896 et
331 2846 507 2912 plures
562 2846 686 2896 alias
742 2848 1148 2895 immanissimas
1207 2856 1386 2912 gentes
1442 2847 1656 2896 intactas
1712 2857 1762 2897 et
1801 2848 2024 2914 integras
2066 2850 2159 2897 iter
2197 2848 2262 2897 ad
2304 2846 2546 2900 Greciam

226 2946 462 2986 terrestre
503 2951 708 3002 negare.
749 2934 896 2996 Quas
937 2946 1112 2984 tamen
1156 2945 1339 3001 postea
1380 2936 1808 2986 bellicosissimus
1862 2935 2088 2986 Karolus
2126 2938 2209 2987 vel
2255 2947 2417 2988 terrae
2458 2954 2546 2987 co-

227 3026 488 3093 aequavit,
529 3035 587 3075 ut
626 3041 786 3075 omne
828 3024 1136 3074 Sclavorum
1176 3041 1342 3090 genus
1383 3034 1433 3074 et
1471 3023 1775 3091 Bulgarum‚
1804 3025 1886 3074 vel
1927 3028 2135 3092 penitus
2168 3027 2458 3086 eradicavit,
2488 3037 2554 3076 ut

228 3111 516 3163 ferreorum
559 3114 1088 3165 adamantinorumve
1130 3115 1438 3182 progeniem
1480 3124 1530 3163 et
1570 3130 1767 3163 nomen
1810 3114 2144 3169 Hunorum.“

1225 3263 1337 3350 st.
1397 3282 1557 3350 313.

403 3408 537 3478 798,
579 3408 709 3480 prod
749 3408 842 3466 2⁰.
870 3406 1165 3478 aprilomf)

406 3497 782 3566 Solnograski
822 3498 960 3552 skof
994 3499 1148 3552 Arno
1188 3513 1250 3552 se
1286 3496 1340 3560 je
1367 3512 1398 3550 z
1427 3497 1696 3566 mnogimi
1722 3498 1964 3567 drugimi
1991 3499 2244 3567 poslanci
2268 3499 2481 3568 napotil
2509 3514 2550 3552 v

226 3587 368 3657 Rim,
393 3586 519 3654 kJ‘er
543 3602 616 3655 ga
639 3586 694 3654 J'e
720 3586 895 3656 pape}
922 3586 1074 3640 Leon
1101 3586 1193 3640 111.
1217 3586 1539 3654 povzdignil
1561 3579 1625 3639 za
1648 3586 1926 3641 nadskofa
1948 3594 2031 3641 ter
2051 3602 2142 3641 mu
2164 3589 2374 3656 podelil
2396 3587 2550 3657 paliJ'.

367 3786 369 3789 ,
409 3747 441 3804 ¹)
474 3750 595 3794 Brez
626 3750 801 3795 dvoma
832 3762 944 3794 nam
969 3750 1022 3804 je
1054 3755 1105 3793 tu
1137 3748 1299 3792 misliti
1331 3760 1392 3791 na
1416 3748 1567 3804 Juine
1599 3747 1822 3793 Slovane.
1856 3748 1928 3793 To
1953 3751 2006 3805 je
2026 3751 2255 3796 razvidno
2279 3753 2332 3796 ie
2356 3751 2397 3794 iz
2422 3756 2546 3809 teget,

227 3823 287 3867 da
319 3835 377 3867 so
410 3823 494 3867 bili
525 3835 666 3868 razen
698 3824 947 3868 Bavarcev
979 3823 1080 3867 tudi
1112 3821 1413 3877 Langobardi
1445 3821 1537 3866 nad
1569 3823 1648 3876 nje
1679 3822 1883 3878 poslani.
1928 3822 2154 3868 Slovenci
2185 3825 2293 3869 niso
2326 3825 2423 3883 bili,
2455 3825 2547 3868 ker

227 3908 286 3941 so
317 3895 402 3940 bili
433 3897 591 3941 takrat
620 3899 674 3941 ie
705 3898 949 3941 Frankom
994 3896 1232 3953 podloini,
1276 3896 1364 3951 pac
1397 3906 1458 3951 pa
1489 3895 1591 3950 nJih
1631 3896 1825 3951 sosedje
1863 3896 2078 3953 Hrvatje.
2128 3898 2295 3943 Kakor
2325 3911 2379 3944 se
2410 3900 2547 3956 kaie,

227 3982 286 4016 so
318 3982 372 4014 se
403 3968 602 4015 Slovani
632 3971 682 4014 in
715 3971 832 4016 Obri
865 3971 971 4015 med
1004 3971 1137 4025 seboj
1174 3968 1425 4026 podpirali‚
1456 3968 1523 4012 ko
1555 3980 1614 4014 so
1646 3981 1699 4013 se
1731 3970 1864 4026 oboJi
1887 3984 1917 4015 v
1939 3970 2079 4016 istem
2111 3974 2227 4018 casu
2259 3973 2384 4030 uprli
2413 3974 2546 4017 fran-

227 4043 408 4088 kovski
440 4043 629 4088 oblasti.
663 4045 772 4089 Vidi
804 4057 871 4099 se,
905 4045 965 4089 da
996 4057 1054 4088 so
1088 4044 1170 4086 bili
1204 4043 1321 4087 Obri
1354 4042 1402 4085 in
1435 4042 1634 4088 Slovani
1668 4043 1907 4089 Frankom
1943 4047 2206 4103 nasprotni.

409 4116 443 4173 ²)
474 4117 647 4162 Hostis
665 4137 719 4155 =
739 4119 931 4175 vojska‚
963 4118 1170 4162 armada.

410 4189 443 4248 ⁸)
472 4191 671 4236 Zastran
703 4192 936 4247 datiranja
969 4191 1208 4247 primerjaj
1245 4190 1303 4234 st.
1329 4195 1429 4234 314.
