2872 4504
1219 258 1284 314 St.
1322 274 1420 314 108.
2395 273 2477 311 141

181 441 296 504 ipso
338 438 556 500 fuerant,
599 442 764 490 valide
807 442 1027 493 Sclavini
1071 445 1255 496 infensi
1299 450 1538 514 optinent
1579 447 1952 515 gloriosissime
1994 445 2239 494 barbaros
2282 457 2328 494 et
2359 462 2480 511 cap-

178 530 427 577 tivitatem
470 529 665 578 salvam
709 532 1006 595 imperatori
1050 547 1393 599 praesentant.
1433 538 1523 603 qui
1565 536 1780 584 laetatus
1820 530 2080 600 gratificos
2119 534 2219 583 deo
2249 533 2477 602 hymnos

181 633 285 665 una
332 633 452 666 cum
502 627 611 667 tota
654 620 845 683 optulit
888 623 1028 674 urbe.
1091 623 1293 674 Priscus
1336 640 1456 674 vero
1498 622 1688 674 fiducia
1730 621 1888 672 fretus
1929 622 1993 670 ad
2035 624 2303 671 interiores
2345 622 2478 671 Scla-

178 707 420 755 vinorum
452 717 620 771 partes
647 710 872 760 accessit.
915 708 1075 775 Gipes
1105 723 1298 772 autem,
1341 716 1416 763 vir
1444 711 1766 767 Christianae
1808 711 2088 779 religionis,
2127 709 2478 778 transfugiens

177 794 241 843 ad
269 793 541 844 Romanos
586 806 635 844 et
676 798 965 862 ingressum
1008 799 1264 850 Romanis
1306 803 1533 851 ostendit
1573 812 1621 851 et
1663 802 1905 851 barbaros
1946 802 2127 851 tenuit.
2170 802 2344 867 itaque
2389 799 2478 848 Gi-

176 884 324 950 pedis
353 884 652 949 proditione
677 885 1007 938 transfretato
1038 887 1255 939 flumine
1286 890 1489 940 Priscus
1517 891 1686 940 media
1715 900 1867 940 nocte
1902 892 2128 956 repperit
2168 888 2478 948 Musacium‚

179 973 516 1022 barbarorum
567 989 762 1039 regem,
824 976 1067 1027 ebrietate
1123 991 1456 1046 corruptum:
1503 978 1776 1029 funebrem
1833 981 2031 1046 quippe
2075 980 2269 1044 proprii
2315 977 2479 1027 fratris

179 1061 407 1111 celebrat
456 1060 813 1125 festivitatem3
856 1082 964 1133 quo
1019 1068 1403 1133 comprehenso
1453 1071 1572 1118 vivo
1614 1069 1824 1118 caedem
1870 1069 1919 1116 in
1964 1068 2190 1117 barbaris
2233 1078 2478 1132 operatus

176 1160 267 1219 est,
305 1151 577 1219 multaque
620 1155 834 1219 copiosa
863 1156 1051 1220 praeda
1094 1168 1242 1223 capta
1284 1159 1512 1207 ebrietati
1555 1174 1664 1207 sese
1707 1156 1940 1224 produnt
1980 1167 2028 1206 et
2069 1157 2324 1222 crapulae.
2365 1166 2478 1205 tum

176 1239 374 1289 barbari
417 1243 703 1291 coacervati
748 1244 1029 1294 victoribus
1072 1246 1362 1308 imminent,
1406 1245 1644 1315 foretque
1687 1246 1988 1296 vicissitudo
2032 1248 2293 1312 reciproca
2337 1261 2478 1311 prae·

175 1330 376 1378 cedenti
406 1331 643 1379 virilitate
671 1334 889 1390 saevior,
934 1335 1028 1382 nisi
1072 1333 1256 1385 Genzo
1300 1351 1418 1385 cum
1464 1336 1686 1402 pedestri
1728 1338 1913 1386 virtute
1954 1334 2324 1386 Romanorum
2357 1337 2469 1383 insi-

166 1429 313 1467 stens
355 1435 531 1486 pugna
575 1417 692 1468 forti
736 1419 1088 1486 prohibuisset
1129 1426 1355 1490 impetus
1399 1425 1756 1476 barbarorum.

349 1537 613 1589 Historia
666 1541 943 1600 miscella,
1000 1542 1084 1594 lib.
1130 1541 1273 1593 XVII
1331 1542 1544 1613 (Migne,
1602 1543 1943 1612 Patrologiae,
2012 1543 2116 1596 Ser.
2160 1544 2262 1611 lat.‚
2317 1541 2478 1605 XCV,

174 1643 222 1692 p.
261 1643 411 1682 1010,
465 1644 552 1677 101
578 1625 644 1695 ι);
675 1628 1008 1690 „Undecimo
1038 1647 1177 1680 anno
1206 1633 1407 1698 imperii
1437 1631 1693 1693 Mauricii‚
1737 1634 1874 1682 idem
1903 1634 2186 1698 imperator
2228 1632 2460 1682 Priscum
2495 1643 2539 1686 P·
2568 1635 2699 1675 1010.

171 1731 293 1764 cum
334 1718 583 1766 omnibus
622 1716 927 1768 Romanicis
970 1722 1326 1785 potentatibus
1368 1722 1430 1770 ad
1474 1721 1659 1771 Istrum
1705 1720 1926 1771 fluvium
1969 1723 2123 1781 misit,
2183 1732 2239 1772 ut
2279 1719 2478 1772 Sclavi-

173 1820 364 1854 norum
393 1808 630 1855 nationes
658 1810 870 1856 transire
915 1808 1225 1873 prohiberet.
1269 1809 1394 1869 Quo
1437 1810 1579 1876 apud
1620 1810 1943 1861 Dorostolon
1985 1809 2163 1861 habito
2206 1809 2476 1877 Chajanus

177 1897 449 1960 comperit.
491 1893 597 1955 Qui
639 1895 819 1962 legatis
861 1897 925 1945 ad
968 1915 1087 1947 eum
1133 1899 1354 1963 directis,
1397 1901 1712 1949 calumniam
1743 1898 2008 1969 inferebat,
2049 1899 2303 1950 Romanis
2330 1916 2478 1950 exor—

177 1983 320 2033 dium
378 1984 623 2034 dantibus
665 1985 801 2038 belli.
852 1985 1052 2036 Priscus
1095 1998 1269 2037 autem
1313 1989 1603 2057 excusabat,
1654 1989 1800 2056 quod
1844 2006 1950 2039 non
1995 1993 2191 2048 venerit
2230 1991 2476 2039 adversus

178 2072 423 2122 barbaros
452 2073 828 2141 belligeratum,
872 2077 962 2124 sed
994 2077 1139 2143 quod
1182 2077 1245 2125 ad
1288 2076 1652 2127 Sclavinorum
1697 2080 1935 2128 nationes
1976 2095 2004 2127 a
2045 2081 2279 2145 principe
2323 2077 2478 2129 fuerit

177 2162 479 2214 destinatuS.
507 2163 743 2212 Audiens
765 2174 940 2213 autem
966 2164 1185 2224 Priscus,
1213 2166 1360 2232 quod
1386 2167 1704 2232 Ardagastus
1725 2167 2086 2217 multitudines
2113 2167 2476 2218 Sclavinorum

178 2252 241 2300 ad
294 2251 651 2317 praedandum
705 2253 1017 2322 disperserit,
1069 2257 1321 2304 transiens
1363 2254 1550 2305 Istrum
1595 2256 1767 2306 media
1806 2267 1960 2307 nocte
2002 2259 2269 2324 inopinate
2318 2258 2475 2307 Arda·

178 2351 382 2407 gastum
410 2341 624 2391 adortus
666 2352 756 2394 est.
799 2346 865 2392 At
904 2359 1027 2392 vero
1069 2344 1386 2409 Ardagastus
1427 2345 1722 2394 discrimine
1765 2361 1935 2407 senso,
1978 2347 2220 2396 nondum
2261 2362 2475 2396 ascenso

178 2445 317 2496 equo
370 2432 452 2478 vix
497 2430 671 2480 salvus
726 2434 901 2484 evasit.
965 2431 1201 2482 Romani,
1250 2434 1674 2483 multitudinibus
1735 2433 2097 2485 Sclavinorum
2165 2438 2364 2494 occisis,
2430 2448 2478 2485 et

180 2518 449 2585 Ardagasti
490 2522 702 2586 regione
745 2536 934 2589 eversa,
983 2522 1227 2588 praedam
1273 2524 1544 2587 copiosam
1587 2533 1790 2589 captam
1834 2523 2144 2592 Byzantium
2186 2541 2280 2591 per
2319 2524 2478 2574 Tate-

180 2622 374 2656 merem
402 2608 711 2662 direxerunt.
753 2609 913 2659 Porro
942 2626 1061 2660 cum
1090 2610 1337 2660 Tatemer
1365 2612 1635 2678 expeditus
1664 2615 1757 2661 iter
1782 2611 1989 2682 faciens,
2030 2615 2279 2680 ebrietati,
2322 2625 2477 2681 atque

178 2697 373 2746 deliciis
399 2714 509 2747 sese
548 2699 784 2759 traderet,
826 2698 1188 2749 Sclavinorum
1233 2703 1280 2748 in
1325 2717 1460 2750 eum*
1489 2702 1692 2751 irruunt
1731 2703 2092 2752 multitudines
2153 2702 2259 2763 Qui
2301 2702 2478 2753 formi-

178 2785 297 2833 dine
353 2802 559 2852 pressus
602 2786 852 2855 fugiendo
894 2787 1205 2856 Byzantium
1248 2791 1401 2841 venit.
1441 2788 1537 2840 Ast
1577 2789 1818 2860 Romani,
1866 2794 1954 2859 qui
1999 2808 2123 2842 cum
2162 2795 2277 2858 ipso
2321 2791 2477 2842 fuisse

178 2874 500 2937 videbantur,
543 2875 792 2926 Sclavinis
817 2877 965 2926 valde
1009 2876 1190 2926 infensi
1236 2878 1473 2927 obtinent
1511 2879 1882 2944 gloriosissime
1925 2881 2186 2939 barbaros,
2231 2892 2280 2931 et
2320 2886 2476 2948 capti-

181 2964 391 3012 vitatem
433 2965 627 3014 salvam
661 2967 959 3031 imperatori
990 2977 1340 3031 praesentant:
1384 2969 1472 3034 qui
1516 2968 1731 3017 laetatus
1773 2967 2032 3035 gratificos
2073 2970 2185 3020 Deo
2228 2970 2474 3040 hymnos,

182 3068 282 3100 una
324 3068 442 3102 cum
485 3063 594 3103 tota
635 3056 824 3104 obtulit
866 3056 1003 3105 urbe.
1048 3054 1252 3106 Priscus
1294 3071 1432 3113 vero,
1474 3053 1663 3106 fiducia
1705 3055 1880 3126 fretus,
1920 3059 1983 3107 ad
2027 3061 2294 3110 interiores
2337 3061 2477 3111 Scla-

182 3142 427 3190 vinorum
480 3154 649 3207 partes
690 3146 915 3196 accessit.
969 3143 1127 3210 Gipes
1168 3160 1289 3193 vero
1334 3147 1408 3192 vir
1447 3142 1769 3195 Christianae
1811 3148 2090 3217 religionis,
2130 3148 2476 3217 transfugiens

180 3230 243 3278 ad
301 3229 587 3301 Romanos,
639 3244 688 3282 et
741 3235 1031 3300 ingressum
1088 3233 1340 3282 Romanis
1394 3235 1634 3293 ostendit,
1691 3245 1741 3284 et
1781 3237 2023 3286 barbaros
2066 3241 2244 3291 tenuit.
2297 3239 2475 3307 Itaque

182 3317 396 3384 Gipedis
419 3322 715 3387 proditione
740 3321 1063 3372 transfretato
1095 3322 1331 3383 flumine,
1365 3322 1563 3372 Priscus
1587 3324 1756 3373 media
1785 3335 1937 3375 nocte
1967 3330 2155 3393 reperit
2180 3327 2474 3378 Musacium

185 3408 521 3459 barbarorum
571 3426 747 3478 regem
787 3410 800 3478 ᾗ
841 3412 1081 3461 ebrietate
1139 3422 1476 3477 corruptum:
1520 3410 1786 3462 funebrem
1831 3417 2026 3482 quippe
2070 3419 2264 3482 proprii
2309 3417 2472 3467 fratris
2506 3438 2549 3481 p.
2580 3430 2703 3468 1011.

184 3497 473 3549 celebrabat
525 3497 868 3553 festivitatem.
924 3500 1048 3561 Quo
1101 3499 1481 3566 comprehenso
1525 3503 1660 3570 viv0,
1700 3502 1912 3552 caedem
1956 3507 2005 3553 in
2060 3506 2304 3556 barbaros
2347 3525 2470 3574 ope-

191 3596 331 3635 ratus
385 3598 475 3655 est,
527 3589 798 3656 multaque
862 3591 1066 3657 praeda,
1118 3601 1165 3638 et
1223 3592 1435 3655 copiosa
1493 3599 1654 3658 capta,
1707 3591 1933 3642 ebrietati
1990 3611 2098 3644 sese
2154 3597 2378 3659 tradunt,
2424 3608 2472 3646 et

181 3675 436 3741 crapulae.
475 3675 617 3726 Tum
661 3678 857 3727 barbari
903 3681 1185 3728 coarcevati
1230 3678 1508 3727 victoribus
1554 3681 1844 3739 imminent,
1890 3680 2127 3750 foretque
2171 3686 2471 3734 vicissitudo

181 3765 443 3829 reciproca
485 3766 808 3831 praecedenti
850 3768 1085 3816 virilitate
1127 3770 1341 3826 saevior,
1398 3769 1446 3815 ni
1491 3766 1670 3818 Genzo
1713 3785 1834 3818 cum
1875 3772 2095 3837 pedestri
2141 3775 2323 3823 virtute
2367 3774 2473 3823 Ro-

181 3868 459 3902 manorum
504 3856 742 3905 insistens
784 3873 959 3922 pugna
1003 3855 1117 3906 forti
1168 3854 1516 3922 prohibuisset
1557 3859 1783 3923 impetus
1826 3860 2212 3914 barbarorum.‘·
