2872 4504
107 1227 154 1272 p.
186 1216 286 1259 155.

311 237 402 277 206
1345 223 1411 279 St.
1445 238 1545 279 163.

314 413 510 477 placeta
549 412 745 462 vellens
801 415 1091 477 instetuere,
1146 414 1209 461 de
1261 411 1356 474 hys
1412 424 1461 461 et
1501 413 1622 461 alies
1674 415 2073 470 intencionibus,
2116 431 2219 482 que
2260 417 2391 464 inter
2430 428 2599 482 partes

314 511 423 549 orte
465 499 684 569 fuerant,
723 503 913 550 iustitia
955 502 1252 550 redderetur
1291 504 1341 549 in
1384 504 1622 553 invicem.
1672 500 1948 570 Sicharius,
1986 505 2120 551 sicut
2157 504 2346 553 stultus
2385 505 2599 570 legatus,

313 588 464 636 verba
506 590 846 654 inproperiae‚
877 606 1006 656 quas
1035 592 1310 638 iniuntctas
1338 606 1445 638 non
1474 589 1738 658 habuerat,
1763 600 1812 638 et
1838 606 2018 639 menas
2045 591 2290 640 adversus
2316 591 2599 641 Samonem

311 677 562 743 loquitur,
604 693 666 726 eo
708 677 853 743 quod
880 677 1039 727 Samo
1070 688 1118 726 et
1142 678 1374 743 populus
1402 679 1544 743 regni
1570 680 1648 726 sui
1678 677 2037 743 Dagobertum
2066 678 2288 727 diberint
2310 682 2604 733 servicium.

314 764 472 814 Samo
517 766 855 834 respondens,
895 768 997 814 iam
1039 767 1245 814 saucius
1285 766 1443 817 dixit:
1498 765 1600 834 „Et
1638 776 1769 814 terra
1809 782 1970 832 quam
2009 764 2264 815 habemus
2303 766 2602 833 Dagoberto

313 862 403 911 est,
446 862 495 901 et
535 869 632 901 nos
659 856 737 901 sui
767 870 966 912 sumus,
995 856 1036 902 si
1062 865 1235 903 tamen
1262 854 1538 903 nobiscum
1580 854 1925 919 disposuaerit
1962 853 2599 908 amiciciasconservaref‘

313 939 572 990 Sicharius
613 941 815 992 dicens:
877 942 1030 1009 „Non
1074 952 1150 990 est
1189 939 1533 1010 possebelem,
1572 952 1631 991 ut
1670 940 1931 991 christiani
1973 952 2023 991 et
2060 941 2156 990 Dei
2196 946 2326 991 servi
2367 959 2489 993 cum
2530 960 2603 994 ca·

318 1029 485 1078 nebus
527 1031 786 1078 amicicias
828 1030 1102 1079 conlocare
1143 1017 1388 1094 possint!
1435 1029 1594 1079 Samo
1636 1046 1694 1078 ae
1735 1033 1993 1079 contrario
2034 1031 2180 1081 dixit:
2230 1030 2316 1100 „Si
2356 1048 2450 1081 vos
2489 1034 2607 1082 estis

313 1116 406 1165 Dei
448 1119 603 1181 servi,
646 1128 696 1166 et
736 1134 834 1166 nos
874 1117 968 1166 Dei
1013 1134 1182 1177 canes,
1240 1118 1368 1167 dum
1408 1135 1502 1167 vos
1555 1118 1803 1167 adsiduae
1855 1129 2034 1168 contra
2081 1121 2254 1183 ipsum
2296 1122 2470 1187 agetis,
2511 1136 2609 1170 nos

324 1208 638 1271 permissum
693 1208 990 1271 accepimus
1030 1223 1124 1255 vos
1178 1207 1451 1256 morsebus
1495 1208 1758 1259 lacerare.“
1803 1203 2096 1275 ssAegectus
2135 1218 2211 1255 est
2249 1206 2506 1258 Sicharius
2546 1209 2609 1257 de

314 1306 662 1359 conspectum
704 1293 973 1346 SamoneS.
1034 1293 1174 1344 Cum
1214 1293 1342 1343 haec
1382 1293 1683 1360 Dagoberto
1725 1297 2024 1362 nunciassit,
2063 1293 2391 1362 Dagobertus
2431 1312 2609 1361 super-

312 1394 453 1431 veter
492 1383 635 1432 iubet
674 1383 737 1430 de
779 1386 1080 1432 universum
1106 1398 1327 1449 regnum
1356 1384 1751 1432 Austrasiorum
1779 1393 1958 1450 contra
1998 1381 2281 1432 Samonem
2309 1394 2358 1432 et
2382 1383 2610 1434 Winidis

314 1486 528 1520 movere
570 1474 876 1530 exercitum;
921 1472 1008 1520 ubi
1037 1472 1212 1520 trebus
1241 1475 1424 1520 turmis
1453 1469 1655 1534 falange
1682 1486 1840 1536 super
1864 1469 2138 1520 Wenedus
2163 1474 2413 1521 exercitus
2442 1475 2613 1540 ingre-

313 1562 472 1618 ditur,
514 1562 667 1608 etiam
713 1572 761 1608 et
802 1559 1132 1625 Langobardi
1174 1560 1446 1609 solucione
1475 1558 1752 1625 Dagoberti
1783 1559 2028 1626 idemque
2058 1560 2297 1609 osteleter
2322 1563 2374 1609 in
2403 1559 2613 1612 Sclavos

315 1651 650 1713 perrixerunt.
695 1647 859 1697 Sclavi
902 1648 980 1697 his
1022 1659 1071 1697 et
1110 1649 1233 1697 alies
1272 1649 1401 1698 locis
1443 1665 1469 1697 e
1510 1650 1770 1698 contrario
1810 1659 2157 1714 preparantes,
2196 1649 2610 1699 Alamannorum

314 1739 566 1786 exercitus
607 1752 728 1786 curn
771 1735 1103 1786 Crodoberto
1145 1738 1265 1787 duci
1292 1739 1342 1786 in
1371 1747 1513 1803 parte
1539 1753 1643 1803 qua
1673 1738 1933 1804 ingressus
1960 1747 2036 1786 est
2063 1738 2330 1786 victuriam
2361 1740 2615 1804 optenuit.

314 1825 644 1892 Langobardi
690 1826 936 1892 idemque
972 1828 1243 1875 victuriam
1286 1836 1656 1893 optenuerunt,
1683 1836 1733 1874 et
1757 1826 2058 1891 pluremum
2089 1841 2426 1875 nummerum
2459 1828 2615 1891 capti-

314 1929 500 1963 vorum
546 1914 610 1962 de
652 1913 863 1963 Sclavos
905 1915 1183 1963 Alamanni
1211 1925 1260 1963 et
1285 1914 1616 1980 Langobardi
1644 1930 1824 1963 secum
1859 1914 2133 1966 duxerunt.
2174 1916 2466 1963 Aostrasiae
2491 1929 2615 1965 vero

315 2019 432 2052 curn
478 2003 542 2051 ad
584 2013 749 2051 castro
780 2002 1193 2068 wogastisburc,
1235 2003 1322 2052 ubi
1350 2004 1576 2069 plurima
1602 2019 1790 2051 manus
1819 2001 2043 2052 forcium
2072 2001 2413 2052 venedorum
2438 2004 2617 2052 inmu-

313 2102 563 2158 raverant,
603 2092 1000 2150 circumdantes,
1043 2093 1216 2141 triduo
1258 2093 1536 2158 priliantes‚
1578 2092 1740 2157 pluris
1767 2091 1960 2140 ibidem
1987 2090 2051 2139 de
2077 2093 2297 2140 exercito
2334 2090 2615 2157 Dagoberti

314 2180 487 2246 gladio
528 2180 854 2228 trucidantur
894 2190 943 2228 et
983 2182 1165 2229 exinde
1208 2179 1485 2247 fogaceter,
1528 2196 1713 2229 omnes
1752 2181 1997 2229 tinturius
2038 2190 2088 2228 et
2128 2195 2206 2227 res
2247 2195 2377 2246 quas
2421 2178 2618 2229 habue-

314 2279 437 2317 runt
474 2269 844 2335 relinquente8‚
889 2269 954 2318 ad
994 2272 1231 2335 propries
1256 2270 1479 2318 sedebus
1507 2278 1850 2320 revertuntur.
1888 2267 2067 2317 Multis
2101 2278 2222 2333 post
2244 2266 2371 2318 haec
2394 2269 2618 2317 vecebus

315 2355 520 2405 Winidi
564 2360 613 2405 in
658 2356 910 2425 Toringia
953 2370 1003 2407 et
1044 2359 1286 2425 relequos
1327 2358 1639 2406 vastandum
1695 2373 1861 2423 pagus
1914 2359 1964 2405 in
2022 2355 2345 2406 Francorum
2397 2371 2618 2422 regnum

317 2448 560 2505 inruunt;
603 2449 757 2496 etiam
803 2456 853 2496 et
892 2447 1166 2496 Dervanus
1205 2447 1312 2496 dux
1350 2458 1502 2513 gente
1544 2446 1875 2509 Surbiorum,
1917 2462 2019 2513 que
2054 2461 2114 2494 ex
2141 2461 2326 2511 genere
2352 2444 2620 2495 Sclavino·

315 2551 434 2583 rum
477 2546 622 2584 erant
663 2546 712 2584 et
752 2536 816 2584 ad
857 2552 1080 2602 regnum
1120 2535 1447 2586 Francorum
1490 2538 1593 2584 iam
1636 2536 1772 2584 olem
1818 2544 2160 2603 aspecserant,
2198 2550 2252 2584 se
2293 2534 2357 2584 ad
2399 2549 2616 2600 regnum

316 2621 606 2674 Samonem
651 2640 772 2673 cum
816 2627 923 2674 suis
967 2625 1202 2674 tradedit.
1244 2624 1474 2692 Estaque
1516 2626 1746 2692 victuria,
1785 2641 1889 2691 qua
1929 2622 2131 2672 Winidi
2174 2634 2352 2673 contra
2393 2621 2621 2672 Francos

317 2724 633 2781 meruerunt,
673 2729 780 2761 non
822 2724 1025 2762 tantum
1068 2695 1431 2763 Sclavinorum
1488 2712 1742 2762 fortitudo
1798 2714 2054 2781 optenuit,
2102 2721 2361 2779 quantum
2403 2712 2619 2760 demen-

316 2804 452 2851 tacio
493 2804 907 2870 Austrasiorum,
947 2802 1073 2850 dum
1117 2818 1170 2851 se
1211 2802 1651 2851 cernebant'cum
1695 2801 1993 2866 Dagoberto
2037 2800 2220 2850 odium
2263 2801 2537 2850 incurrisse
2572 2810 2622 2848 et

317 2890 566 2939 adsiduae
609 2888 1029 2956 expoliarintur.“
2487 2881 2490 2883 ⁵

495 2979 675 3030 Gesta
715 2979 1029 3043 Dagoberti
1072 2979 1109 3030 1.
1138 2993 1251 3044 reg.
1278 2979 1659 3042 Francorum,
1702 2995 1742 3031 c.
1788 2993 1853 3044 27
1896 2975 2038 3046 (MG.
2079 2976 2165 3029 SS.
2191 2992 2285 3029 rer.
2311 2976 2619 3042 Meroving„

319 3067 567 3135 11‚410):
623 3067 734 3136 „Eo
793 3070 947 3133 igitur
999 3085 1138 3117 anno
1195 3067 1362 3118 Sclavi
1417 3078 1773 3134 cognomento
1830 3065 2055 3126 Winidi,
2110 3082 2340 3133 quorum
2401 3081 2620 3131 regnum

319 3156 477 3206 Samo
520 3159 743 3218 tenebat,
786 3161 1135 3222 negotiatores
1178 3156 1501 3207 Francorum
1540 3173 1662 3207 cum
1690 3156 1914 3221 plurima
1943 3156 2279 3205 multitudine
2307 3151 2623 3204 interficiunt

320 3256 369 3294 et
408 3246 560 3295 rebus
601 3246 877 3310 expoliant.
917 3245 1062 3295 Haec
1102 3256 1283 3295 autem
1341 3262 1420 3295 res
1462 3244 1560 3295 fuit
1599 3247 1805 3294 initium
1847 3245 2073 3294 scandali
2105 3246 2236 3293 inter
2263 3242 2621 3310 Dagobertum

319 3350 491 3401 regem
539 3333 855 3384 Francorum
900 3345 949 3383 et
988 3334 1273 3383 Samonem
1325 3350 1500 3399 regem
1559 3333 1881 3385 Sclavorum.
1945 3332 2184 3399 Dirigens
2235 3334 2408 3398 itaque
2449 3330 2622 3396 Dago-

322 3424 494 3471 bertus
536 3422 827 3472 Sicharium
868 3424 1174 3488 legatarium
1215 3423 1279 3472 ad
1320 3422 1625 3487 Samonem,
1682 3423 1913 3488 rogabat,
1963 3432 2021 3471 ut
2061 3422 2429 3487 negotiatores,
2486 3435 2658 3486 quos,

320 3513 400 3560 sui
442 3510 801 3561 interfecerant
857 3522 906 3560 et
947 3527 1024 3560 res
1078 3528 1262 3561 eorum
1318 3512 1508 3561 inlicite
1566 3521 1966 3578 usurpaverant,
2020 3526 2140 3559 cum
2195 3511 2388 3558 iustitia
2436 3507 2625 3557 faceret

322 3601 613 3652 emendare.
653 3599 810 3649 Samo
853 3611 1028 3649 autem
1069 3601 1255 3650 nolens
1296 3599 1587 3650 Sicharium
1628 3587 1816 3658 videre,
1860 3598 2120 3649 Sicharius
2148 3609 2288 3647 veste
2319 3598 2532 3646 indutus
2559 3597 2620 3645 ad

321 3691 479 3737 instar
518 3687 840 3747 Sclavorum,
884 3705 1006 3738 cum
1046 3691 1151 3738 suis
1178 3690 1242 3738 ad
1276 3699 1621 3754 conspectum
1659 3690 1894 3754 pervenit
1919 3688 2162 3738 Samonis
2192 3697 2345 3753 atque
2381 3687 2622 3734 universa

323 3794 456 3843 quae
497 3778 591 3825 sibi
634 3779 838 3825 fuerant
877 3779 1106 3826 iniuncta
1159 3778 1328 3825 eidem
1387 3779 1658 3833 nuntiavit,
1713 3776 1776 3824 de
1817 3775 1895 3824 his
1937 3786 1986 3824 et
2026 3777 2136 3824 aliis
2177 3773 2620 3841 contentionibus,

323 3881 458 3932 quae
499 3867 629 3913 inter
669 3875 838 3929 partes
880 3876 1021 3914 ortae
1063 3864 1282 3933 fuerant,
1322 3881 1504 3931 regans
1545 3875 1604 3913 ut
1644 3866 1836 3913 iustitia
1876 3863 2178 3912 redderetur
2217 3865 2268 3910 in
2296 3863 2534 3930 invicem,
2559 3877 2622 3910 eo

324 3954 469 4020 quod
511 3952 671 4002 Samo
714 3963 762 4002 et
801 3954 1033 4019 populus
1075 3956 1218 4018 regni
1258 3956 1337 4002 sui
1380 3953 1679 4018 Dagoberto
1722 3954 1827 4018 regi
1865 3952 2113 4000 deberent
2136 3952 2420 3999 servitium.
2463 3948 2622 3998 Samo

325 4041 663 4107 respondens,
703 4043 803 4089 iarn
847 4045 1051 4091 saucius
1093 4043 1244 4093 dixit:
1309 4041 1412 4109 „Et
1450 4052 1582 4090 terra
1622 4056 1782 4107 quam
1823 4039 2078 4088 habemus
2120 4038 2400 4105 Dagoberti
2447 4048 2536 4104 est,
2575 4047 2625 4085 et

326 4145 422 4177 nos
463 4133 540 4177 sui
583 4146 781 4194 sumuS,
821 4133 860 4178 si
903 4142 1076 4179 tamen
1120 4131 1437 4195 disposuerit
1462 4129 1740 4178 nobiscum
1766 4130 2014 4177 amicitias
2047 4132 2400 4178 conservare.“
2449 4124 2622 4175 Sicha-

2813 3923 2834 4156 ἑ

2786 4160 2830 4504 ἐ
