2872 4504
1270 234 1335 288 St.
1354 247 1425 290 96.
2433 240 2514 278 117

220 421 482 471 societate.
534 419 794 485 Exempto
837 438 959 470 vero
1003 439 1157 490 ann0‚
1197 439 1224 471 a
1266 422 1513 471 Ravenna
1553 419 1619 468 ad
1659 416 1862 467 Grados
1902 401 2091 464 reversi
2131 424 2267 481 sunt,
2324 415 2517 481 quibus

221 523 318 556 nec
345 508 491 572 plebs
521 512 911 557 communicare
938 512 1121 578 voluit,
1149 527 1243 559 nec
1269 512 1450 559 caeteri
1478 508 1708 575 episcopi
1737 516 1827 554 eos
1855 513 2177 569 receperunt.
2201 501 2516 568 Smaragdus

218 597 465 662 patricius
506 612 534 644 a
574 597 856 646 daemonio
900 614 1005 646 non
1048 598 1236 663 injuste
1278 607 1562 665 correptuS‚
1610 608 1970 645 successorem
2009 590 2315 640 Romanum
2357 593 2512 656 patri-

219 686 384 733 ciatus
425 686 699 749 accipiens,
742 683 1263 751 Constantinopolim
1308 682 1603 736 remeavit.“

399 787 655 838 Cronica
708 790 777 839 de
818 790 1065 853 singulis
1106 790 1468 854 patriarchis
1507 802 1662 839 nove
1700 786 1968 851 Aquileie
2011 784 2342 847 (Montic010,
2388 783 2520 833 Cro·

221 876 384 926 nache
425 875 736 944 Veneziane‚
790 877 823 944 1,
875 874 949 945 9):
996 878 1167 939 „Huic
1209 882 1298 940 (sc.
1340 877 1543 945 Heliae)
1583 877 1829 926 successit
1867 873 2087 924 Severus
2128 872 2416 938 patriarcha
2457 873 2519 920 ad

219 966 504 1032 regendam
560 966 855 1025 ecclesiam;
911 970 1001 1033 qui
1044 983 1229 1015 omnes
1271 984 1391 1016 suas
1432 982 1526 1034 res,
1577 982 1708 1033 quas
1747 965 1812 1013 de
1851 973 2128 1030 parentum
2172 964 2280 1011 iure
2322 961 2518 1019 habuit,

221 1056 272 1102 in
314 1057 415 1103 iam
458 1054 592 1103 dicta
645 1055 858 1122 ecclesia
899 1066 1073 1123 sancte
1117 1055 1414 1124 Euphemie
1456 1057 1664 1122 reliquit
1703 1069 1795 1120 per
1834 1053 2275 1102 testamentariam
2316 1067 2519 1113 vocem,

219 1143 599 1192 commendans
626 1144 982 1192 sacerdotibus
1011 1146 1173 1209 ipsius
1218 1145 1526 1210 metropolis
1556 1143 1837 1193 Gradensis
1877 1152 1934 1191 ut
1961 1143 2056 1208 ipsi
2086 1141 2386 1207 superstites
2426 1155 2519 1188 seu

219 1235 412 1298 posteri
455 1247 641 1280 eorum
682 1247 776 1297 pro
826 1232 905 1281 his
947 1234 1099 1282 rebus
1140 1234 1432 1298 specialiter
1473 1235 1618 1283 omni
1659 1233 1741 1281 die
1781 1231 1997 1280 sabbato
2039 1245 2135 1296 pro
2178 1231 2292 1295 ipso
2336 1230 2517 1277 missas

218 1321 539 1370 celebrarent
564 1330 719 1388 atque
750 1321 1042 1370 oblationes
1069 1320 1326 1390 offerrent,
1368 1338 1712 1388 mensamque
1748 1335 2043 1387 pauperum
2085 1321 2329 1379 instituit;
2373 1322 2522 1369 cuius

220 1421 271 1459 et
309 1411 605 1458 testamenti
647 1410 839 1458 cartula
880 1411 1021 1475 apud
1063 1411 1339 1460 ecclesiam
1381 1410 1700 1460 Gradensem
1744 1406 1982 1478 manet,¹)
2039 1419 2088 1458 et
2141 1425 2220 1458 res
2278 1425 2409 1476 quas
2453 1409 2522 1458 ibi

220 1498 432 1565 reliquit
458 1501 567 1563 ipsa
593 1499 826 1564 possidet
860 1500 1089 1567 ecclesia.
1129 1498 1378 1548 defuncto
1407 1515 1529 1548 vero
1573 1501 1687 1565 ipso
1729 1499 2027 1548 beatissimo
2069 1500 2180 1548 viro
2224 1499 2365 1564 apud
2392 1496 2523 1547 Gra-

218 1588 437 1636 densem
468 1588 805 1653 metropolim
837 1589 1126 1652 ecclesiam,
1166 1590 1402 1654 sepultus
1443 1599 1520 1638 est
1561 1591 1611 1637 in
1654 1589 1862 1637 basilica
1903 1598 2078 1656 sancte
2119 1587 2388 1656 Eufemie;
2431 1589 2521 1655 qui

218 1673 588 1742 pontificatum
628 1678 756 1724 rexit
795 1678 943 1725 annis
983 1693 1206 1727 numero
1248 1677 1385 1735 XXI,
1428 1679 1537 1727 dies
1576 1677 1792 1730 XXXl.“

402 1779 743 1831 Chronieon
771 1780 1070 1832 Gradense
1113 1779 1444 1850 (Monticolo‚
1487 1779 1762 1831 Cronache
1790 1781 2100 1850 Veneziane,
2135 1781 2170 1841 1,
2206 1779 2318 1851 5o):
2350 1783 2524 1850 „Huic
2588 1851 2590 1854 y

219 1872 313 1931 (sc.
351 1866 525 1937 Helie)
580 1870 826 1918 successit
867 1868 1085 1919 Severus
1141 1869 1428 1935 patriarcha
1484 1871 1547 1919 ad
1601 1870 1883 1938 regendam
1926 1869 2246 1920 Gradensem
2303 1872 2524 1920 eandem

220 1959 512 2026 ecclesiam,
554 1960 645 2025 qui
683 1975 868 2007 omnes
909 1976 1028 2007 suas
1070 1974 1163 2027 res,
1204 1976 1307 2027 que
1336 1959 1398 2008 de
1440 1970 1715 2025 parentum
1759 1962 1869 2008 iure
1908 1958 2107 2019 habuit,
2151 1963 2201 2008 in
2245 1963 2349 2010 iam
2389 1962 2524 2011 dicta

220 2047 435 2115 ecclesia
496 2058 671 2097 sancte
739 2045 967 2097 Eufimie
1027 2049 1251 2115 reliquid
1305 2064 1396 2114 per
1447 2050 1884 2098 testamentariam
1941 2066 2145 2109 vocem,
2201 2051 2523 2100 comendans

220 2137 580 2186 sacerdotibus
616 2139 779 2204 ipsius
821 2138 1129 2203 metropolis
1158 2135 1437 2186 Gradensis
1466 2148 1524 2187 ut
1549 2140 1644 2204 ipsi
1671 2140 1971 2202 superstites
1997 2156 2089 2188 seu
2116 2142 2308 2204 posteri
2338 2156 2523 2190 eorum

221 2242 319 2293 pro
345 2225 426 2275 his
455 2226 608 2275 rebus
633 2226 923 2292 specialiter
949 2228 1095 2274 omni
1131 2227 1212 2275 die
1253 2227 1450 2276 sabbati
1493 2243 1587 2292 pro
1631 2229 1744 2294 ipso
1788 2230 1969 2277 missas
2010 2229 2327 2279 celebrarent
2367 2241 2522 2298 atque

222 2315 517 2365 oblationes
566 2313 880 2383 offerrerent,
936 2332 1279 2382 mensamque
1322 2332 1617 2381 pauperum
1659 2318 1892 2376 instituit,
1950 2319 2098 2366 cuius
2140 2328 2190 2367 et
2224 2322 2523 2369 testamenti

221 2404 418 2453 cartula
459 2405 599 2469 apud
642 2404 914 2472 ecclesiam
956 2402 1276 2453 Gradensem
1323 2415 1512 2464 manet,
1572 2415 1622 2454 et
1661 2420 1756 2474 res,
1807 2422 1937 2472 quas
1978 2406 2074 2455 sibi
2116 2407 2355 2475 reliquid,
2415 2409 2526 2474 ipsa

225 2492 461 2558 possidet
488 2493 718 2561 ecclesia.
757 2491 1007 2543 defuncto
1049 2509 1172 2543 vero
1215 2495 1329 2559 ipso
1372 2494 1672 2544 beatissimo
1714 2497 1825 2544 viro
1869 2496 2007 2562 apud
2049 2495 2369 2546 Gradensem
2413 2513 2525 2546 me-

221 2582 475 2648 tropolim
505 2582 794 2650 ecclesiam,
835 2583 1071 2648 sepultus
1098 2594 1173 2631 est
1208 2584 1257 2630 in
1302 2583 1509 2632 basilica
1551 2583 1697 2652 beate
1723 2583 1979 2653 Eufimie;
2022 2587 2113 2653 qui
2153 2584 2520 2653 pontificatum

222 2673 350 2720 rexit
389 2673 538 2720 annis
580 2687 802 2721 numero
844 2674 1024 2737 viginti
1067 2684 1115 2721 et
1156 2684 1275 2722 octo
1320 2683 1368 2721 et
1409 2673 1592 2722 diebus
1636 2676 1842 2740 triginta
1883 2684 1933 2724 et
1973 2674 2130 2727 un0.“

399 2775 680 2826 Iohannis
719 2776 953 2826 diaconi
979 2775 1320 2827 Chronieon
1347 2776 1640 2828 Venetum
1681 2775 2012 2849 (Montic010‚
2053 2778 2328 2831 Cronache
2355 2781 2523 2832 Vene-

220 2869 383 2932 ziane‚
425 2864 460 2932 1,
502 2861 619 2932 74):
666 2864 838 2933 „Huic
868 2862 959 2932 (sc.
983 2861 1173 2933 Helye)
1198 2866 1484 2914 succedens
1511 2865 1730 2916 Severus
1772 2868 2052 2934 regendam
2094 2873 2323 2937 suscepit
2362 2872 2499 2921 eccle

220 2955 368 3021 siam,
407 2969 565 3020 quem
597 2953 912 3020 Smaragdus
954 2956 1197 3019 patricius
1237 2956 1450 3004 veniens
1489 2956 1553 3004 de
1590 2955 1837 3005 Ravenna
1865 2959 1915 3005 in
1944 2955 2163 3027 Gradus,
2203 2976 2296 3026 per
2334 2971 2526 3010 semet-

224 3043 397 3107 ipsum
454 3057 515 3090 ex
570 3043 775 3092 basilica
832 3041 1102 3091 extrahens
1143 3042 1448 3092 Ravennam
1504 3044 1649 3094 duxit
1689 3061 1810 3094 cum
1852 3047 1963 3095 aliis
2003 3045 2169 3096 tribus
2211 3065 2271 3097 ex
2312 3049 2523 3118 Hystria

225 3132 505 3196 episcopiS‚
547 3131 599 3179 id
627 3143 703 3179 est
729 3130 960 3180 Iohanne
986 3131 1263 3181 Parentino
1306 3143 1355 3181 et
1382 3131 1572 3182 Severo
1617 3144 1774 3201 atque
1803 3133 2085 3186 Vindemio
2113 3154 2208 3187 nec
2234 3155 2340 3188 non
2367 3142 2520 3189 etiam

224 3220 460 3268 Antonio
513 3221 615 3268 iam
668 3236 791 3269 sene
833 3221 1043 3269 ecclesie
1085 3219 1375 3273 defensore.
1419 3222 1611 3288 quibus
1653 3226 1982 3273 comminans
2025 3227 2173 3275 exilia
2214 3238 2369 3295 atque
2410 3231 2523 3278 vio—

224 3307 439 3356 lentiam
464 3306 705 3377 inferens‚
744 3312 1135 3358 communicare
1164 3310 1424 3375 compulit
1464 3309 1680 3360 Iohanni
1725 3311 2011 3363 Ravennati
2055 3317 2323 3384 episcopo,
2363 3320 2520 3367 trium

225 3396 579 3460 capitulorum
620 3398 930 3465 damnatori,
988 3400 1077 3464 qui
1119 3409 1356 3463 tempore
1399 3415 1532 3464 pape
1576 3398 1768 3466 Vigilii,
1826 3403 1904 3451 vel
1948 3402 2156 3470 Pelagii,
2213 3423 2241 3454 a
2281 3405 2522 3456 Romane

226 3484 438 3533 ecclesie
493 3486 804 3535 describerat
856 3489 1116 3537 societate.
1158 3498 1401 3551 exempto
1455 3504 1577 3538 vero
1634 3506 1791 3554 anno,
1848 3508 1873 3539 e
1916 3491 2168 3543 Ravenno
2211 3496 2275 3544 ad
2317 3495 2522 3547 Grados

227 3575 412 3622 reversi
442 3586 579 3639 sunt,
622 3575 815 3642 quibus
842 3591 936 3624 nec
977 3576 1121 3640 plebs
1164 3579 1555 3625 communicare
1597 3578 1782 3640 voluit,
1825 3596 1919 3629 nec
1961 3586 2110 3631 ceteri
2154 3586 2386 3651 episcopi
2430 3603 2522 3635 eos

226 3674 547 3727 receperunt.
588 3662 902 3730 Smaragdus
941 3666 1202 3731 patricius,
1242 3681 1269 3712 a
1311 3665 1562 3715 demonio
1605 3683 1710 3716 non
1754 3669 1942 3718 iniuste
1984 3684 2270 3738 correptus,
2315 3691 2523 3724 succes—

225 3765 398 3799 sorem
441 3750 744 3801 Romanum
788 3755 1061 3818 patricium
1105 3755 1377 3818 accipiens,
1421 3751 1961 3826 Constantinopolym
2003 3765 2293 3815 remeavit.“

405 3838 744 3891 Chronicon
762 3841 1052 3891 Venetum
1077 3843 1252 3904 vulgo
1271 3842 1527 3893 Altinate
1547 3841 1687 3911 (MG.
1717 3842 1819 3905 SS.‚
1846 3845 1982 3917 XIV,
2010 3846 2114 3918 16):
2147 3850 2280 3920 „Cui
2309 3854 2397 3918 (sc.
2417 3854 2524 3902 He-

227 3923 345 3995 liae)
380 3931 625 3978 successit
666 3928 901 3998 Severus,
942 3933 1030 3997 qui
1063 3929 1159 3979 fuit
1200 3933 1417 3980 nacione
1460 3933 1675 3983 civitatis
1718 3933 1980 4002 Ravenne,
2023 3942 2112 4006 qui
2156 3942 2278 3990 vixit
2320 3958 2400 3995 an.
2436 3957 2522 4003 21,

228 4015 276 4066 d.
308 4014 425 4065 21.“

409 4161 439 4218 ¹)
470 4163 656 4208 Doticni
691 4165 950 4209 dokument
982 4176 1035 4209 se
1067 4177 1174 4209 nam
1208 4166 1254 4208 ni
1286 4166 1486 4210 ohranil.
