2872 4504
319 224 408 265 258
1383 209 1450 264 St.
1481 224 1583 264 213.

318 397 481 465 Sedaj
518 396 574 464 je
613 399 764 451 hotel
804 398 1007 451 Pemon
1047 413 1074 450 s
1115 396 1338 463 svojimi
1378 397 1601 464 pristasi
1641 396 1850 450 zbeiati
1876 413 1911 449 v
1938 398 2130 453 deielo
2169 399 2617 472 Slovencev3

318 486 423 539 ker
454 486 510 552 je
551 502 620 554 pa
660 486 865 554 njegov
904 486 991 539 sin
1037 483 1157 551 zanj
1213 485 1392 552 prosil
1445 485 1530 552 pri
1580 483 1936 556 Liutprandu,
1994 502 2065 554 ga
2099 486 2156 553 Je
2195 489 2340 556 kralj
2381 490 2432 543 iz
2471 507 2618 546 nova

319 575 523 643 sprejel
562 591 599 628 v
638 575 802 640 svojo
842 575 1044 628 milost.

493 665 659 716 Pauli
703 666 934 716 diaconi
974 665 1125 718 Hist.
1154 664 1424 728 Langob.‚
1466 662 1552 731 VI,
1591 679 1632 715 c.
1662 678 1718 726 51
1768 661 1910 732 (MG.
1937 661 2025 716 SS.
2052 679 2146 718 rer.
2171 665 2427 735 Langob.,
2476 667 2617 739 182):

319 746 535 822 „Gravis
576 771 698 803 sane
740 769 831 819 per
871 754 1011 802 idem
1051 763 1261 818 tempus
1314 755 1448 801 inter
1504 751 1851 801 pemmonem
1905 753 2095 802 ducem
2138 766 2187 803 et
2226 753 2481 806 Calistum
2525 775 2616 824 pa-

315 842 589 892 triarcham
631 843 919 892 discordiae
960 844 1064 890 rixa
1105 843 1340 891 surrexit.
1396 838 1569 890 Causa
1610 850 1784 890 autem
1839 840 1993 890 huius
2044 843 2331 893 discordiae
2372 847 2466 894 ista
2507 845 2619 900 fuit.

315 932 611 981 Adveniens
653 934 907 980 anteriore
946 941 1190 997 tempore
1225 928 1495 978 Fidentius
1550 932 1830 995 episcopus
1888 930 1951 979 de
2006 942 2171 980 castro
2228 931 2453 993 Iuliensi‚
2496 950 2616 985 cum

314 1021 582 1070 voluntate
623 1022 959 1085 superiorum
999 1019 1195 1068 ducum
1241 1021 1372 1067 intra
1413 1017 1718 1067 Foroiulani
1760 1021 1907 1067 castri
1948 1035 2130 1068 muros
2169 1019 2419 1072 habitavit
2442 1023 2617 1091 ibique

313 1111 393 1158 sui
434 1112 767 1174 episcopatus
825 1109 1005 1157 sedem
1062 1109 1254 1159 statuit.
1320 1105 1444 1166 Quo
1485 1108 1588 1155 vita
1643 1106 1934 1169 decidente,
1987 1111 2207 1157 Amator
2253 1111 2304 1158 in
2346 1113 2457 1160 eius
2496 1112 2616 1162 loco

314 1201 593 1265 episcopus
635 1198 905 1246 ordinatus
947 1207 1035 1248 est.
1076 1195 1258 1263 Usque
1286 1195 1350 1244 ad
1378 1195 1608 1244 eundem
1633 1198 1773 1244 enim
1802 1195 1941 1244 diem
1967 1199 2262 1261 superiores
2287 1199 2618 1269 patriarchae,

313 1289 436 1355 quia
478 1289 529 1335 in
570 1287 816 1354 Aquileia
857 1296 1072 1352 propter
1111 1284 1479 1334 Romanorum
1521 1285 1876 1333 incursionem
1932 1283 2162 1334 habitare
2214 1289 2429 1336 minime
2469 1299 2617 1354 pote·

312 1387 440 1433 rant,
483 1377 659 1424 sedem
720 1391 830 1423 non
873 1377 923 1423 in
966 1373 1219 1434 Foroiuli,
1260 1373 1351 1421 sed
1393 1375 1443 1421 in
1494 1370 1792 1422 Cormones
1844 1372 2120 1426 habebant.
2184 1374 2347 1435 Quod
2402 1374 2618 1441 Calist0‚

312 1467 404 1533 qui
446 1475 552 1514 erat
591 1464 862 1514 nobilitate
903 1465 1236 1529 conspicuus,
1278 1463 1399 1511 satis
1440 1446 1719 1530 displicuit,
1758 1473 1816 1511 ut
1856 1464 1907 1510 in
1949 1466 2060 1512 eius
2099 1464 2292 1513 diocesi
2333 1481 2454 1515 cum
2483 1467 2616 1517 duce

313 1566 363 1604 et
412 1553 777 1621 Langobardis
835 1555 1113 1619 episcopus
1165 1550 1419 1600 habitaret
1472 1562 1522 1599 et
1574 1554 1684 1616 ipse
1738 1562 1944 1601 tantum
1985 1553 2144 1620 vulgo
2190 1555 2416 1604 sociatus
2455 1557 2616 1605 vitam

311 1644 536 1695 duceret.
600 1641 746 1702 Quid
788 1637 972 1708 plura?
1031 1639 1230 1691 Contra
1271 1641 1498 1688 eundem
1540 1643 1851 1690 Amatorem
1891 1643 2201 1707 episcopum
2244 1645 2347 1709 egit
2386 1660 2616 1712 eumque

311 1732 374 1781 de
415 1731 651 1781 Foroiuli
694 1731 892 1796 expulit
932 1741 1087 1798 atque
1130 1731 1182 1778 in
1224 1730 1360 1779 illius
1400 1729 1565 1778 domo
1607 1729 1703 1778 sibi
1743 1728 2118 1779 habitationem
2160 1733 2352 1783 statuit.
2398 1723 2511 1783 Hac
2551 1734 2615 1783 de

311 1837 463 1871 causa
504 1819 730 1869 Pemmo
773 1819 880 1868 dux
921 1830 1100 1869 contra
1142 1818 1368 1867 eundem
1411 1816 1755 1884 patriarcham
1797 1834 1918 1867 cum
1960 1819 2138 1868 multis
2178 1821 2443 1870 nobilibus
2481 1820 2592 1873 Lan

309 1909 553 1976 gobardis
599 1909 882 1958 consilium
925 1910 1038 1957 iniit
1076 1906 1571 1975 adprehensumque
1613 1924 1735 1956 eum
1777 1908 1842 1956 ad
1883 1908 2152 1958 castellum
2197 1907 2427 1975 Potium,
2469 1912 2615 1979 quod

310 2014 466 2066 supra
508 2014 650 2047 mare
692 2000 851 2047 situm
893 2007 984 2056 est,
1027 1997 1173 2046 duxit
1212 1996 1439 2064 indeque
1481 2013 1603 2045 eum
1645 1998 1694 2044 in
1738 2012 1880 2045 mare
1928 1999 2264 2063 praecipitare
2303 1999 2485 2068 voluit,
2523 2001 2615 2050 sed

310 2099 484 2138 tamen
526 2086 640 2137 Deo
687 2085 951 2136 inhibente
993 2088 1209 2135 minime
1267 2083 1408 2144 fecit;
1470 2087 1600 2134 intra
1655 2100 1910 2135 carcerem
1967 2097 2143 2135 tamen
2189 2103 2314 2136 eum
2353 2098 2610 2138 retentum

309 2193 444 2244 pane
497 2177 851 2226 tribulationis
902 2177 1223 2225 sustentavit.
1285 2173 1447 2235 Quod
1503 2190 1590 2223 rex
1645 2173 1934 2240 Liutpraud
1990 2175 2223 2234 audiens,
2273 2178 2325 2224 in
2365 2193 2611 2243 magnam

311 2269 438 2315 iram
480 2267 681 2324 exarsit,
725 2265 1083 2331 ducatumque
1124 2263 1404 2313 Pemmoni
1445 2262 1702 2332 auferens,
1741 2262 1967 2333 Ratchis,
2020 2266 2131 2314 eius
2184 2262 2370 2334 filium,
2409 2268 2458 2314 in
2501 2268 2611 2316 eius

308 2355 428 2404 loco
471 2355 744 2406 ordinavit.
782 2352 938 2402 Tunc
978 2353 1199 2402 Pemmo
1242 2369 1363 2402 cum
1404 2354 1512 2402 suis
1551 2353 1828 2419 disposuit,
1869 2364 1927 2402 ut
1966 2356 2018 2402 in
2059 2352 2366 2404 Sclavorum
2392 2357 2612 2420 patriam

310 2442 529 2510 fugeret3
571 2443 662 2492 sed
701 2440 929 2511 Ratchis‚
970 2444 1080 2491 eius
1120 2439 1275 2508 filius,
1317 2458 1345 2491 a
1385 2453 1503 2509 rege
1544 2441 1856 2508 supplicavit
1894 2452 2202 2509 patremque
2242 2444 2294 2492 in
2334 2445 2467 2510 regis
2503 2459 2612 2510 gra·

309 2535 430 2582 tiam
474 2531 722 2585 reduxit.“

486 2621 827 2672 Chronicon
851 2625 998 2685 patr.
1018 2620 1209 2685 Aquil.
1230 2621 1485 2685 primum
1511 2619 1744 2690 (Rubeis,
1770 2619 1914 2672 Mon.
1936 2621 2057 2673 eccl.
2076 2619 2276 2688 Aquil.‚
2305 2624 2442 2688 App.
2462 2639 2511 2688 p.
2537 2619 2606 2690 8):

313 2710 413 2779 „Et
452 2719 593 2779 nota,
633 2710 779 2777 quod
820 2726 848 2758 a
889 2708 1080 2759 Severo
1122 2707 1410 2775 patriarcha
1466 2725 1634 2777 usque
1690 2710 1754 2758 ad
1811 2707 2064 2759 Calistum
2107 2712 2197 2777 qui
2237 2712 2487 2779 sequitur,
2524 2727 2612 2778 pa·

307 2798 556 2848 triarchae
598 2809 811 2865 propter
852 2800 1206 2847 incursionem
1249 2797 1618 2847 Romanorum
1658 2814 1767 2847 non
1796 2799 2058 2848 audebant
2081 2808 2212 2847 stare
2240 2800 2292 2847 in
2319 2799 2611 2867 Aquilegia,

308 2888 399 2938 sed
437 2887 815 2938 habitationem
856 2888 952 2936 sibi
993 2887 1261 2953 elegerunt
1300 2889 1350 2935 in
1394 2885 1662 2937 Cormons
1684 2925 1899 2940 .......
1942 2887 2061 2937 Hoc
2097 2898 2333 2954 tempore
2362 2890 2411 2936 in
2442 2899 2608 2938 castro

309 2977 672 3042 Forojuliano‚
714 2976 860 3044 quod
902 2991 1042 3025 nunc
1095 2973 1289 3025 Civitas
1329 2978 1538 3025 Austria
1593 2975 1897 3043 appellatur,
1955 2975 2175 3026 Pemmo
2217 2976 2323 3025 dux
2360 2988 2607 3042 praeerat.

310 3063 536 3115 Calistus
577 3081 702 3124 vero
745 3067 796 3114 in
839 3063 1106 3115 Cormons
1146 3063 1423 3114 habitabat.
1465 3064 1542 3113 De
1585 3081 1845 3115 consensu
1888 3076 1938 3115 et
1975 3066 2243 3115 voluntate
2285 3066 2481 3115 ducum
2507 3068 2608 3132 pri-

310 3171 464 3204 orum
503 3154 774 3204 Fidentius
816 3156 867 3203 in
909 3165 1075 3204 castro
1118 3153 1459 3221 Forojuliano
1501 3156 1780 3221 episcopus
1808 3156 2168 3204 constituitur:
2211 3156 2326 3220 ipso
2353 3170 2477 3204 vero
2518 3155 2610 3204 de-

310 3245 522 3293 cedente
564 3242 795 3294 Amator
833 3243 1161 3309 subrogatur,
1203 3253 1254 3292 et
1293 3245 1342 3291 in
1386 3245 1694 3309 episcopum
1728 3244 2012 3293 ordinatur.
2041 3241 2266 3293 Calistus
2294 3254 2486 3305 autem,
2515 3246 2607 3312 qui

310 3342 417 3381 erat
455 3334 532 3381 vir
573 3334 810 3399 egregius
853 3342 903 3381 et
942 3332 1211 3381 nobilitate
1253 3334 1586 3397 conspicuus,
1628 3332 1811 3381 videns
1851 3332 1997 3399 quod
2036 3333 2088 3380 in
2129 3332 2326 3382 ditione
2365 3349 2459 3382 sua
2484 3348 2604 3382 cum

308 3421 441 3470 duce
487 3431 536 3470 et
576 3421 841 3470 nobilibus
869 3423 1090 3470 Amator
1130 3422 1410 3486 episcopus
1449 3419 1718 3484 habitaret,
1760 3431 1810 3470 et
1849 3423 1958 3487 ipse
1999 3418 2224 3470 Calistus
2264 3422 2419 3470 rurali
2446 3421 2605 3487 vulgo

307 3512 534 3559 sociatus
575 3511 736 3558 vitam
779 3510 1006 3574 duceret,
1031 3510 1180 3558 valde
1221 3509 1317 3557 sibi
1358 3509 1642 3575 displicuit:
1684 3521 1734 3558 et
1772 3509 1837 3558 ad
1876 3510 2192 3575 praedictam
2234 3511 2491 3559 civitatem
2516 3526 2605 3559 ve-

306 3600 469 3656 niens,
512 3602 821 3648 Amatorem
861 3598 923 3647 de
965 3597 1220 3663 Forojulii
1263 3598 1474 3665 expulit,
1510 3607 1666 3664 atque
1692 3598 1916 3647 domum
1943 3598 2080 3647 illius
2106 3598 2202 3647 sibi
2229 3596 2602 3647 habitationem

306 3688 497 3738 statuit.
565 3685 686 3746 Qua
726 3687 789 3735 de
831 3703 985 3737 causa
1038 3702 1227 3752 magna
1282 3688 1413 3735 inter
1469 3684 1724 3735 Calistum
1781 3685 2120 3752 patriarcham
2170 3697 2220 3735 et
2257 3685 2604 3735 Pemmonem

306 3775 492 3823 ducem
536 3775 793 3824 discordia
834 3786 945 3824 orta
986 3785 1075 3827 est.
1153 3774 1297 3835 Quid
1353 3772 1528 3841 plura!
1606 3774 1726 3823 Dux
1780 3774 1999 3824 Pemmo
2042 3785 2221 3824 contra
2259 3772 2603 3841 patriarcham

307 3878 426 3911 cum
469 3864 645 3912 multis
685 3863 1045 3929 Longobardis
1086 3864 1349 3912 nobilibus
1377 3863 1656 3912 consilium
1682 3865 1819 3912 iniit:
1863 3873 1912 3912 et
1937 3861 2323 3928 apprehensum
2351 3863 2600 3912 eumdem

306 3949 653 4015 patriarcham
695 3952 758 4000 ad
802 3952 1070 4001 castellum
1110 3951 1334 4001 Pucium
1378 3966 1535 4017 supra
1575 3966 1733 4018 mare,
1772 3961 1830 4000 ut
1858 3953 2029 4017 ipsum
2057 3952 2425 4020 submergeret,
2449 3951 2594 4000 duxit

309 4037 468 4098 Quod
510 4038 622 4088 Deo
666 4038 976 4104 prohibente
1018 4056 1126 4090 non
1156 4039 1304 4091 fecit:
1345 4049 1552 4089 tantum
1577 4041 1748 4104 ipsum
1780 4039 1963 4089 diebus
1989 4039 2225 4105 pluribus
2251 4040 2599 4089 tribulationis

307 4143 440 4191 pane
482 4129 532 4175 in
575 4142 772 4176 carcere
814 4131 1131 4180 sustentavit.
1200 4127 1362 4187 Quod
1404 4142 1489 4177 rex
1543 4127 1897 4193 Luitprandus
1950 4127 2180 4197 audiens,
2234 4138 2414 4178 contra
2453 4127 2599 4176 Pem-
