2872 4504
329 224 416 264 246
1393 210 1459 266 St.
1492 226 1592 265 201.

332 398 512 465 Script.
540 398 779 457 rer.1tal.,
809 398 922 457 XII,
961 395 1094 466 132).
1121 427 1192 434 -—
1220 397 1312 447 Ru
1334 400 1364 448 b
1383 401 1437 446 ei
1460 417 1503 450 s.
1534 398 1679 448 Mon.
1709 400 1830 451 eccl.
1854 401 2012 466 Aquil
2031 442 2044 468 ,
2071 416 2190 465 313.
2218 430 2286 437 —
2320 401 2366 451 U
2385 401 2631 467 ghelli,

335 486 475 536 Italia
515 503 671 555 sacra,
713 487 773 555 V,
812 487 911 556 (ed.
948 483 1105 554 1653)
1144 504 1195 552 p.
1232 501 1387 553 11753
1428 484 1528 555 (ed.
1566 484 1722 555 ¹717)
1764 505 1811 553 p.
1848 487 1998 553 1087.
2042 518 2113 526 -
2151 471 2412 556 Mansi,
2467 487 2629 540 Conc.

332 575 463 643 colL,
485 574 597 643 XII,
625 590 745 641 247.
775 605 846 612 —-
874 573 917 624 C
939 592 1017 640 ap
1038 592 1069 639 p
1091 575 1225 623 elle
1245 577 1354 633 tti‚
1397 574 1469 623 Le
1499 573 1666 624 chiese
1689 575 1738 624 d’
1762 574 1922 637 Italia,
1950 575 2083 641 VIII,
2110 592 2195 642 73.
2221 605 2290 614 —
2317 577 2453 626 Kan
2473 578 2632 640 dler,

333 662 467 714 Cod.
495 664 618 730 dipl.
645 663 752 715 Istr.
777 664 840 712 ad
863 680 906 715 a.
931 678 1048 729 715.
1075 692 1144 699 -
1167 661 1298 712 Tro
1318 679 1425 731 ya,
1451 660 1584 715 Cod.
1611 663 1736 728 dipl.
1766 662 2023 732 Longob„
2048 663 2130 731 III,
2154 679 2277 728 44¹·
2301 694 2372 702 —
2393 665 2627 732 Migne,

331 751 514 800 Patrol.
546 750 822 807 LXXXIX,
870 751 988 815 526.
1011 781 1082 788 --
1107 751 1130 800 J
1152 767 1179 799 a
1199 749 1321 812 sse,
1362 750 1490 817 Reg.
1519 763 1666 817 pont.
1696 750 1866 820 Rom.‚
1896 753 1997 817 (ed.
2032 749 2189 820 1885)
2217 767 2339 820 251,
2363 753 2422 805 ἔτ.
2455 753 2631 819 2166;

328 838 433 910 (ed.
469 837 627 909 1851)
667 842 726 893 st.
762 841 893 906 1659
935 837 1096 909 (reg).
1138 869 1211 877 —
1249 838 1387 906 MG.‚
1414 839 1595 905 Epist..
1625 839 1708 908 111,
1731 840 1855 908 699,
1879 841 1940 890 ἔτ.
1973 837 2044 910 8.]

510 956 794 1023 Primerjaj
838 957 973 1009 tudi:

520 1062 772 1113 Cronica
812 1064 882 1114 de
921 1063 1166 1127 singulis
1204 1062 1557 1127 patriarchis
1604 1076 1762 1113 nove
1800 1062 2070 1126 Aquileie
2125 1061 2454 1132 (Monticolo‚
2500 1061 2630 1113 Cro·

334 1149 496 1200 nache
538 1150 849 1208 Veneziane,
909 1149 944 1208 1,
987 1161 1072 1202 str.
1106 1167 1157 1199 11
1209 1153 1260 1199 in
1311 1147 1421 1219 12):
1466 1191 1492 1219 „
1535 1188 1765 1203 .....
1808 1152 1956 1199 cuius
2013 1162 2250 1217 tempore
2308 1149 2399 1219 (sc.
2438 1151 2630 1201 Donati

331 1236 671 1307 patriarchae)
713 1239 1047 1304 Longobardi
1091 1255 1182 1305 per
1222 1237 1430 1288 fortiam
1472 1237 1666 1288 Sereno
1708 1237 2063 1288 Foroiulensis
2120 1240 2331 1307 ecclesie
2382 1238 2633 1305 archiepi-

332 1344 498 1394 scopo
524 1345 551 1377 a
581 1344 791 1377 summa
830 1328 951 1376 sede
991 1328 1220 1393 palleum
1263 1328 1562 1376 detulerunt
1587 1327 1875 1392 apostolica
1908 1328 2163 1391 primitus,
2192 1329 2275 1376 cui
2304 1328 2633 1377 beatissimus

331 1433 465 1483 papa
508 1415 792 1482 Gregorius
848 1417 1122 1481 epistolam
1179 1416 1376 1475 direxit,
1431 1416 1822 1464 interdicentem
1864 1417 2011 1464 inter
2062 1426 2227 1464 cetera
2267 1433 2332 1464 ne
2374 1433 2629 1484 umquam

330 1506 494 1555 aliena
537 1507 647 1554 iura
687 1505 952 1554 invaderet
976 1515 1065 1553 aut
1103 1506 1402 1553 temeritatis
1436 1521 1568 1553 ausu
1597 1514 1869 1570 usurparet
1895 1504 2276 1553 iurisditionem
2305 1507 2635 1574 cuiusquam,

332 1594 422 1642 sed
465 1597 513 1642 in
555 1592 634 1642 his
676 1605 808 1642 esset
862 1604 1135 1643 contentus
1191 1609 1294 1661 que
1352 1609 1520 1660 usque
1574 1603 1699 1642 tunc
1750 1592 2081 1662 possedisset,
2139 1603 2189 1642 et
2228 1609 2288 1641 ex
2328 1596 2634 1642 auctoritate

334 1683 622 1748 apostolica
662 1685 894 1748 precepit
932 1684 1041 1748 ipse
1085 1683 1412 1731 beatissimus
1453 1697 1588 1747 papa
1629 1697 1693 1729 ne
1735 1681 1842 1730 ullo
1886 1681 2049 1730 modo
2090 1683 2341 1731 terminos
2369 1681 2638 1731 excederet

332 1787 361 1820 a
401 1770 610 1820 Donato
653 1771 857 1837 presule
900 1769 1163 1819 Gradense
1202 1786 1492 1838 possessos,
1532 1770 1622 1819 sed
1662 1770 1759 1818 sibi
1801 1767 2058 1819 sufficeret
2097 1771 2148 1818 in
2189 1768 2268 1818 his
2308 1786 2410 1838 que
2463 1771 2633 1836 possi-

335 1861 501 1928 debat,
542 1877 637 1909 nec
677 1861 905 1925 amplius
946 1876 1106 1927 quam
1164 1862 1213 1908 in
1267 1857 1458 1908 finibus
1511 1859 1696 1925 procul
1747 1858 1909 1908 dubio
1950 1860 2117 1924 gentis
2156 1858 2633 1926 Longobardorum

335 1965 568 2017 gressum
611 1949 819 1998 tendere
873 1959 1221 2015 presumeret;
1276 1948 1422 2015 quod
1462 1950 1502 1996 si
1545 1947 1850 1997 inobediens
1892 1945 2087 2005 fuisset,
2131 1947 2400 2013 apostolici
2443 1950 2636 2010 vigoris

338 2039 584 2105 indignus
625 2034 984 2090 iudicaretur.“
1037 2036 1199 2107 (Nato
1253 2037 1380 2086 sledi
1420 2035 1554 2086 tekst
1592 2039 1777 2105 pisma,
1817 2053 1848 2085 o
1891 2035 2119 2086 katerern
2172 2052 2287 2085 smo
2329 2035 2501 2102 zgoraj
2544 2052 2634 2103 go-

337 2123 524 2195 vorili.)

510 2230 802 2282 ,Iohannis
832 2217 1075 2282 'diaconi
1117 2229 1455 2281 Chronieon
1495 2229 1806 2293 Venetum,
1865 2226 2195 2298 (Monticolo,
2235 2226 2510 2278 Cronache
2536 2227 2635 2278 Ve-

337 2321 566 2388 neziane,
611 2319 649 2380 1,
697 2317 809 2387 96):
857 2319 1108 2387 „Hisdem
1153 2323 1308 2368 etiam
1350 2319 1532 2367 diebus
1572 2316 1889 2368 Foriulensis
1917 2317 2128 2367 ecclesia
2156 2333 2185 2366 a
2212 2315 2404 2366 Sereno
2435 2316 2640 2382 presule

335 2408 622 2477 regebatur,
663 2411 753 2476 qui
794 2408 989 2457 nullius
1032 2410 1222 2457 iustitie
1252 2418 1508 2475 expertus,
1535 2407 1626 2456 sed
1655 2409 2009 2473 usurpationis
2036 2422 2188 2455 causa
2216 2408 2352 2473 regia
2385 2415 2639 2472 potestate

338 2499 401 2548 ab
443 2498 730 2564 apostolica
771 2497 891 2546 sede
933 2496 1150 2562 pallium
1209 2498 1410 2562 primus
1467 2496 1839 2545 tantummodo
1892 2497 2180 2562 acquisivit,
2234 2511 2292 2544 ac
2332 2493 2638 2543 huiusmodi

337 2586 615 2653 epistolam
658 2604 684 2635 a
727 2585 986 2652 Gregorio
1029 2587 1252 2634 antistite
1295 2584 1539 2634 Romano
1582 2586 1839 2651 accepisse
1893 2584 2195 2636 dinoscitur.
2258 2582 2466 2652 (Potem
2512 2582 2639 2632 sledi

337 2677 471 2727 tekst
509 2676 682 2743 zgoraj
727 2675 1071 2742 omenjenega
1113 2671 1321 2741 pisma.)

513 2780 767 2831 Danduli
823 2779 1178 2836 chronicon,
1229 2777 1332 2837 Vll,
1375 2793 1416 2830 c.
1446 2793 1492 2843 2,
1531 2792 1646 2843 pars
1698 2793 1755 2841 13
1801 2788 1850 2826 et
1900 2792 1959 2841 ¹4
2008 2774 2298 2846 (Muratori,
2337 2775 2521 2842 Script.
2547 2790 2644 2827 rer.

339 2870 463 2938 Ital,
510 2869 619 2937 XII,
676 2865 826 2936 132):
886 2869 1000 2936 „Ad
1055 2866 1212 2916 huius
1267 2869 1400 2933 regis
1451 2865 1541 2935 (sc.
1573 2863 1902 2934 Liutpraudi)
1956 2881 2133 2932 preces
2185 2864 2467 2932 Gregorius
2509 2880 2643 2931 papa

341 2961 481 3008 misit
520 2959 740 3024 pallium
783 2956 976 3007 Sereno
1019 2957 1230 3005 antistiti
1272 2957 1648 3024 Aquilegiensi,
1701 2958 1791 3022 qui
1847 2955 2000 3004 Petro
2045 2964 2375 3022 successerat,
2415 2971 2575 3021 quem
2617 2970 2644 3003 a

338 3059 576 3113 ternpore
619 3048 972 3096 renovationis
1014 3062 1137 3094 suae
1179 3046 1313 3094 sedis
1354 3046 1777 3112 praedecessores
1818 3046 1897 3093 sui
1940 3045 2173 3093 obtinere
2230 3045 2446 3093 minime
2488 3054 2644 3109 potu-

340 3147 516 3195 erunt;
571 3138 722 3202 eique
776 3133 1014 3195 inhibuit,
1070 3150 1133 3182 ne
1189 3150 1444 3200 umquam
1501 3134 1668 3182 aliena
1723 3135 1834 3182 iura
1886 3133 2164 3193 invaderet,
2216 3143 2306 3182 aut
2345 3133 2647 3181 temeritatis

340 3241 472 3274 ausu
525 3234 798 3289 usurparet
852 3223 1265 3272 iurisdictionem
1318 3224 1658 3289 cuiusquam,
1712 3221 1801 3270 sed
1854 3220 1934 3270 his
1991 3232 2124 3270 esset
2172 3232 2466 3278 contentus,
2511 3237 2646 3287 quae

340 3330 505 3380 usque
546 3313 796 3362 hactenus
840 3312 1156 3378 possederat.
1196 3340 1268 3348 --

520 3416 743 3466 Serenus
784 3414 1002 3482 posthac
1059 3415 1258 3482 papalis
1313 3413 1637 3464 inhibitionis
1692 3426 1988 3464 contemtor
2027 3416 2172 3481 regio
2213 3415 2412 3480 potitus
2453 3413 2645 3462 auxilio

342 3505 474 3555 fines
516 3504 795 3555 Gradensis
837 3506 1080 3554 ecclesiae
1123 3507 1383 3553 minorare
1425 3505 1630 3552 nititur:
1675 3503 1822 3570 quod
1863 3504 1984 3568 dux,
2022 3501 2307 3570 patriarcha
2341 3512 2390 3551 et
2414 3503 2644 3568 episcopi

343 3606 501 3662 atque
541 3594 688 3660 plebs
730 3593 977 3644 Venetiae
1020 3603 1069 3641 et
1109 3592 1282 3642 Istriae
1323 3608 1475 3658 grave
1518 3590 1756 3661 ferentes,
1795 3609 1959 3659 papae
2002 3608 2122 3642 cum
2164 3593 2494 3658 querimonia
2527 3592 2646 3638 insi·

341 3694 506 3732 nuant
545 3693 595 3731 et
634 3683 889 3731 ultionem
932 3693 1236 3746 exposcunt.
1279 3681 1420 3746 Papa
1459 3691 1636 3730 autern
1676 3681 1739 3730 de
1781 3681 2133 3730 inobedientia
2174 3680 2350 3730 Sereni
2391 3681 2649 3747 turbatus,

343 3774 387 3821 ei
428 3771 658 3820 rescribit
698 3781 750 3819 et
790 3771 1231 3838 conquerentibus
1255 3785 1570 3836 responsum
1598 3769 1806 3819 tradidit
1833 3771 2181 3819 continentiae
2224 3765 2643 3835 subsequentis.“
2706 3760 2710 3763 ’

342 3859 499 3930 (Nato
540 3861 666 3908 sledi
707 3859 841 3909 tekst
879 3859 1051 3925 zgoraj
1095 3859 1427 3925 navedenega
1468 3857 1796 3925 papeievega
1837 3855 2052 3926 pisrna.)
