2872 4504
1345 229 1412 286 St.
1440 244 1511 284 82.
1724 240 1726 244 ’
2514 237 2569 277 91

1105 414 1126 430 '·
1175 420 1187 434 e

270 416 410 477 μένου
460 419 540 463 τοῦ
592 414 777 479 χρόνου,
833 413 910 462 καὶ
949 421 1039 464 τῶν
1079 417 1129 475 ἐς
1170 419 1395 482 εκατέρας
1433 415 1668 472 πολιτείας
1706 409 1940 478 πρέσβεων
1981 407 2083 475 περὶ
2121 415 2264 458 ταῦτα
2307 410 2571 473 ἐνησχολη-

270 503 437 568 μένων,
477 502 594 550 οὓτω
634 518 684 550 τε
723 504 968 567 φερομένου
1009 511 1088 552 τοῦ
1129 501 1244 570 ἑῴου
1284 505 1494 566 πολέμου
1534 500 1605 553 ἐπ’
1645 500 1854 565 ἀδήλοις,
1895 498 2020 547 κατὰ
2059 497 2110 546 δὲ
2138 498 2189 546 τὲ
2219 500 2441 561 τέταρτον
2467 498 2573 556 ἔτος

270 588 472 654 Τιβερίου
510 588 858 638 Κωνσταντίνου
898 591 1128 657 Καίσαρος
1176 592 1410 653 βασιλείας
1463 593 1511 642 ἐν
1570 596 1626 659 τῇ
1665 586 1833 656 Θρᾴκῃ
1876 584 2143 651 ξυνηνέχθη
2186 588 2237 635 το
2279 586 2573 649 Σκλαβηνῶν

271 679 415 736 ἔθνος
454 679 591 743 μέχρι
627 694 712 726 που
751 677 975 742 χιλιάδων
1014 682 1180 729 έκατῖον
1220 679 1413 747 Θράκην
1454 678 1534 730 καὶ
1572 677 1702 728 ἄλλα
1740 675 1903 726 πολλὰ
1939 674 2243 736 ληίσασθαι.“

445 765 571 818 Ibid.
602 781 644 814 e.
674 766 777 828 48:
826 764 974 830 ,,”Οτι
1013 771 1344 834 κεραϊζομένης
1384 774 1468 831 τῆς
1507 766 1743 824 Ἑλλάδος
1783 765 1867 814 ὑπὸ
1907 762 2200 825 Σκλαβηνῶν
2242 761 2323 811 καὶ
2372 764 2575 811 ἁπαντα-

265 856 383 920 χόσε
435 853 828 914 ἀλλεπαλλήλων
868 855 981 920 αὐτῇ
1024 857 1352 923 ἐπηρτημένων
1393 861 1485 906 τῶν
1526 852 1764 922 κινδύνων,
1820 850 2088 917 όΤιβέριος
2130 851 2343 912 ούδαμῶς
2388 851 2575 912 δύναμιν

266 942 522 1008 ἀξιόμαχον
560 943 685 1006 ἔχων
712 943 815 991 οὐδὲ
839 944 952 1009 πρῖος
980 946 1083 1006 μίαν
1124 949 1283 1011 μοῖραν
1309 950 1399 994 τῶν
1439 943 1717 1010 ἀντιπάλων,
1757 944 1867 1004 μήτι
1904 959 1960 1006 γε
1997 938 2074 990 καὶ
2111 941 2225 1004 πρὶος
2265 945 2428 1006 πάσαν,
2470 939 2575 988 οὔτε

266 1031 357 1093 μὴν
397 1025 494 1090 οἷός
534 1048 586 1080 τε
610 1034 672 1079 ὢν
699 1030 923 1093 πολέμοις
948 1033 1083 1096 σφίσιν
1108 1034 1386 1091 ὑπαντιάζειν
1413 1033 1480 1098 τῷ
1521 1031 1606 1081 ἀνὰ
1644 1030 1750 1090 τοὺς
1789 1026 1930 1096 ἐῴους
1968 1027 2206 1090 πολέμους
2232 1029 2314 1086 τάς
2336 1025 2575 1090 Ῥωμαίων

266 1122 520 1186 τετράφθαι
570 1120 797 1186 δυνάμεις,
851 1120 1147 1186 πρεσβεύεται
1204 1123 1269 1180 ὡς
1306 1122 1501 1171 Βαῖανδν
1542 1121 1621 1170 τὶν
1660 1120 1869 1184 ἡγεμόνα
1908 1122 2001 1168 τῶν
2041 1114 2271 1182 Ἀβάρων,
2327 1121 2576 1177 τηνικαῦτα

273 1209 324 1258 οὒ
348 1209 583 1271 δυσμενῶς
607 1209 779 1274 ἔχοντα
798 1210 915 1274 πρδς
942 1207 1213 1276 Ῥωμαίους,
1252 1207 1266 1279 ΙΙ
1306 1209 1484 1269 ἄλλως
1513 1209 1563 1258 δὲ
1602 1213 1659 1277 τῇ
1701 1205 1819 1258 καθ’
1851 1209 1979 1270 ’ἡμᾶς
2016 1205 2227 1271 πολιτεία
2266 1205 2436 1269 χαίρειν
2462 1205 2576 1254 ἐθέ-
2645 1240 2656 1252 .

265 1297 416 1347 λοντα
454 1297 604 1360 δῆθεν
644 1296 787 1356 εὐθὺς
827 1298 883 1346 ἐκ
923 1298 1168 1363 προοιμίων
1209 1303 1292 1360 τῆς
1333 1298 1471 1347 αἰετοῦ
1513 1297 1722 1363 Τιβερίου
1762 1295 2011 1358 βασιλείας.
2053 1296 2196 1361 ταύτῃ
2230 1311 2298 1342 τοι
2322 1291 2401 1342 καὶ
2424 1293 2577 1342 πείθει

264 1404 322 1451 γε
380 1386 518 1436 αὒτῖον
573 1386 698 1435 κατὰ
737 1386 1027 1448 Σκλαβηνῶν
1084 1388 1286 1452 ἅρασθαι
1322 1386 1549 1453 πόλεμον,
1599 1387 1663 1446 ὡς
1703 1389 1758 1434 ἂν
1798 1386 1956 1434 ὁπόσοι
1994 1384 2078 1444 τὴν
2119 1380 2359 1444 ’.Ρωμαίων
2402 1382 2570 1448 δηοῦσι,

266 1477 362 1534 τοῖς
413 1473 594 1534 οἰκείοις
643 1473 992 1536 ἀνθελκόμενοι
1049 1478 1232 1541 κακοῖς,
1291 1475 1541 1541 ἐπαρκέσαι
1594 1492 1645 1524 τε
1699 1472 1974 1535 βουλόμενοι
2028 1477 2084 1540 τῇ
2124 1467 2317 1537 πατρῴα
2356 1470 2480 1519 κατὰ
2519 1471 2572 1519 :b

265 1563 471 1630 μᾶλλον,
522 1564 768 1613 παύσαιντο
821 1565 904 1625 μὲν
955 1569 1035 1612 τοῦ
1094 1563 1178 1623 τὴν
1218 1561 1486 1626 Ῥωμαϊκὴν
1523 1562 1792 1629 λεηλατεῖν,
1846 1561 1886 1611 οἱ
1925 1561 1977 1611 δὲ
2016 1558 2118 1610 περὶ
2156 1564 2240 1622 τῆς
2282 1557 2452 1617 οἰκείας
2493 1559 2573 1607 τὀν

267 1653 475 1703 κίνδυνον
502 1649 815 1712 ἀναδέξονται.
845 1658 926 1702 τοῦ
951 1653 1183 1718 Καίσαρος
1211 1652 1357 1702 τοίνυν
1383 1652 1467 1713 τὴν
1508 1651 1687 1702 τοιάνδε
1726 1652 1791 1710 ὡς
1830 1650 1968 1700 αὒτδν
2008 1648 2278 1706 στείλαντος
2317 1646 2573 1714 πρεσβείαν,

265 1741 361 1790 οὔτι
399 1741 655 1804 ἡπείθησεν
696 1742 719 1789 ἑ
759 1742 971 1799 Βαϊανός.
1013 1741 1299 1802 ἐκπέμπεται
1338 1737 1376 1789 δ’
1417 1738 1493 1789 οὖν
1534 1738 1606 1789 ἐπὶ
1643 1741 1790 1806 τούτῳ
1827 1736 2064 1806 Ἰωάννης,
2104 1740 2156 1797 ὃς
2197 1737 2254 1798 δὴ
2294 1741 2384 1786 τῶν
2424 1738 2574 1798 νήσων

266 1830 417 1891 διήνυε
468 1830 552 1891 τὴν
604 1828 754 1895 ἀρχὴν
793 1836 1045 1892 τηνικαῦτα
1085 1827 1165 1878 καὶ
1204 1829 1288 1888 τὰς
1326 1827 1588 1894 Ἰλλυρίδας
1630 1827 1802 1879 ἰθύνειν
1841 1827 1990 1893 ἔλαχε
2029 1827 2205 1886 πόλεις.
2249 1821 2383 1885 οὗτος
2422 1843 2577 1891 παρα-

263 1920 515 1984 γενόμενος
570 1919 617 1968 ἐν
658 1919 846 1985 Παιονίᾳ
899 1923 955 1986 τῇ
995 1922 1144 1986 χώρᾳ,
1200 1921 1465 1983 μετήγαγεν
1506 1918 1554 1976 ἐς
1595 1921 1675 1980 τήν
1716 1915 1956 1980 Ῥωμαίων
1996 1916 2134 1966 αύτόν
2173 1933 2223 1965 τε
2261 1916 2339 1964 τὶν
2379 1915 2575 1964 Βαϊανδν

265 2006 345 2058 καὶ
370 2009 455 2066 τὰς
494 2013 587 2058 τῶν
614 2007 828 2074 Ἀβάρων
869 2008 1094 2075 δυνάμεις,
1137 2009 1183 2056 ἐν
1223 2011 1320 2066 ταῖς
1361 2008 1417 2068 δὴ
1457 2006 1734 2072 λεγομέναις
1774 2006 1940 2056 ὁλκάσι
1979 2002 2179 2072 μακραῖς
2218 2004 2278 2054 τὰ
2317 2002 2577 2070 βαρβαρικὰ

266 2095 529 2158 διαβιβάσας
580 2096 771 2159 πλήθη.
813 2087 893 2146 καὶ
946 2095 1137 2161 λέγεται
1198 2095 1306 2160 ἀμφὶ
1359 2096 1442 2154 τὰς
1483 2093 1717 2157 ἐξήκοντα
1754 2094 1970 2161 χιλιάδας
2008 2094 2182 2144 ἱππέων
2221 2093 2575 2159 θωρακοφόρων

265 2187 314 2246 ἐς
353 2187 438 2247 τὴν
478 2184 718 2249 Ῥωμαίων
759 2186 1208 2252 διαπορθμευθῆναι.
1251 2185 1445 2234 ἐνθένδε
1485 2182 1622 2244 αὖθις
1662 2184 1735 2234 διὰ
1773 2189 1858 2248 τῆς
1897 2181 2140 2251 Ἰλλυριῶν
2181 2183 2431 2248 διαγαγὼν,
2480 2176 2578 2229 εἶτα

263 2275 314 2334 ἐς
365 2276 450 2336 τὴν
489 2275 695 2325 Σκυθῶν
735 2275 1022 2341 ἀφικόμενος,
1080 2273 1279 2337 ἔμπαλιν
1320 2273 1528 2323 διελθεῖν
1565 2274 1881 2339 παρεσκεύασε
1920 2273 2000 2323 τῖον
2041 2269 2220 2338 Ἴστρον
2260 2271 2308 2321 ἐν
2347 2273 2445 2329 ταῖς
2486 2286 2578 2318 κα-

263 2363 511 2427 λουμέναις
567 2362 894 2430 ἀμοιπρύμνοις
949 2368 1039 2412 τῶν
1092 2367 1220 2412 νεῶν.
1263 2363 1418 2423 ἐπειδὴ
1476 2363 1525 2411 δὲ
1582 2362 1849 2428 ἐπεραιώθη
1902 2363 1952 2421 ἐς
2004 2362 2057 2411 τ“ο
2114 2357 2218 2410 κατ’
2259 2358 2443 2426 ἀντικρὺ
2496 2363 2577 2407 τοῦ

264 2454 467 2522 ῥείθρου,
506 2458 791 2520 παραχρῆμα
817 2451 900 2512 τάς
926 2471 976 2502 τε
1003 2455 1167 2514 κώμας
1196 2452 1446 2518 ἐνεπίμπρα
1471 2455 1562 2500 τῶν
1587 2449 1882 2513 Σκλαβηνῶν
1923 2448 2003 2500 καὶ
2041 2436 2218 2500 ἐσίνετο,
2253 2449 2360 2508 τοὺς
2388 2447 2575 2514 ἀγρούς,

264 2541 353 2608 ἦγέ
378 2528 536 2593 τεκαὶ
559 2544 713 2610 ἔφερεν
740 2545 935 2609 ἅπαντα,
977 2542 1162 2600 οὐδενός
1186 2560 1259 2590 πω
1283 2546 1373 2590 τῶν
1413 2541 1564 2590 ἐκεῖσε
1603 2539 1845 2607 βαρβάρων
1884 2541 2210 2607 θαρρήσαντός
2251 2538 2290 2588 οἱ
2329 2538 2379 2598 ἐς
2417 2540 2578 2604 χεῖρας

265 2632 447 2699 ἐλθεῖν,
487 2632 536 2692 ἐς
575 2631 635 2681 τὰ
670 2632 811 2681 λάσια
851 2631 901 2680 δὲ
942 2629 1021 2680 καὶ
1059 2635 1297 2696 κατηρεφῆ
1338 2634 1423 2692 τῆς
1461 2628 1580 2691 ὕλης
1621 2630 2054 2694 καταπεφευγότων.
2095 2629 2124 2690 ἡ
2166 2628 2217 2677 δὲ
2257 2632 2348 2676 τῶν
2375 2624 2577 2693 Ἀβάρων

267 2723 439 2785 κίνησις
480 2720 603 2771 κατὰ
641 2720 934 2783 Σκλαβηνῶν
963 2717 1225 2788 (ἐγίγνετο)
1267 2719 1363 2767 οὔτι
1400 2736 1457 2783 γε
1497 2719 1636 2780 μόνον
1678 2722 1762 2780 τῆς
1802 2723 1882 2767 τοῦ
1908 2718 2140 2783 Καίσαρος
2167 2718 2307 2766 ἕνεκα
2336 2714 2578 2783 πρεσβείας

262 2809 341 2860 καὶ
378 2810 444 2876 τῷ
483 2809 742 2871 βούλεσθαι
780 2810 860 2859 τὀν
898 2810 1094 2858 Βαιάνὶον
1134 2806 1377 2871 Ῥωμαίοις
1417 2808 1594 2857 ἐκτῖσαι
1631 2809 1764 2873 χάριν
1803 2803 1914 2857 ἀνθ’
1954 2802 2018 2855 ὧν
2057 2806 2107 2865 ἐς
2147 2806 2206 2856 τὰ
2244 2805 2447 2869 μάλιστα
2486 2805 2577 2870 ἐφι-

263 2899 532 2965 λοφρονεῖτό
571 2917 629 2965 γε
667 2898 805 2948 αὒτον
845 2900 868 2947 ὁ
908 2899 1102 2964 Καῖσαρ,
1143 2894 1256 2946 αλλ’
1299 2899 1366 2946 ότι
1403 2914 1459 2961 γε
1499 2895 1624 2962 αὐτῷ
1664 2893 1743 2945 καὶ
1784 2896 1998 2962 ἔχθιστοι
2019 2891 2034 2966 ΙΙ
2056 2896 2264 2962 ὑπῆρχον
2304 2893 2419 2954 ἰδίας
2444 2895 2578 2943 ἕκατι

266 2989 545 3051 δυσμενείας.
586 2988 766 3038 ἔστειλε
822 2987 912 3054 γὰρ
966 2988 1030 3045 ὡς
1071 2986 1208 3035 αὒτδν
1247 2986 1518 3052 Δαυρέντιον
1559 2981 1639 3034 καὶ
1677 2984 1786 3044 τοὺς
1826 2970 1923 3034 ὅσοι
1962 2985 2011 3034 ἐν
2051 2984 2178 3034 τέλει
2216 2991 2298 3034 τοῦ
2339 2985 2515 3043 ἔθνους
2550 2984 2574 3031 ὁ

264 3081 356 3127 τῶν
394 3073 597 3144 Ἀβάρων
634 3078 909 3143 ἡγούμενος,
948 3080 1061 3141 σφᾶς
1117 3093 1167 3125 τε
1207 3075 1447 3123 ὑπακούειν
1488 3072 1699 3123 κελεύων
1739 3072 1958 3141 Ἀβάροις
1998 3071 2079 3123 καὶ
2117 3055 2183 3133 ἐς
2204 3075 2343 3142 φόρου
2383 3075 2576 3138 άπαγω-

262 3166 351 3230 γὴν
390 3166 581 3217 ἔσεσθαι
618 3165 955 3232 ἀναγράπτους,
994 3165 1216 3231 Δαυρίτας
1257 3164 1307 3213 δὲ
1348 3161 1427 3212 καὶ
1466 3163 1512 3212 οἵ
1544 3179 1599 3227 γε
1666 3163 1717 3212 ὒν
1757 3162 1882 3228 αυτῷ
1928 3164 2160 3228 ἡγεμόνες
2197 3160 2310 3212 “καὶ
2344 3163 2411 3222 τίς
2457 3159 2575 3229 ἅρα”

266 3255 435 3319 ἔφασαν
461 3250 628 3315 ’ὀῦτος
665 3257 866 3320 πέφυκεν
906 3252 1171 3319 ἀνθρώπων
1212 3250 1291 3301 καὶ
1330 3255 1427 3310 ταῖς
1468 3257 1548 3300 τοῦ
1586 3250 1721 3313 ἡλίου
1755 3253 1947 3317 θέρεται
1985 3250 2178 3319 ἀκτῖσιν,
2231 3253 2284 3311 ’ὸς
2331 3251 2416 3312 τὴν
2457 3249 2577 3300 καθ’

264 3344 388 3405 ἡμᾶς
427 3345 634 3405 ύπήκοον
674 3346 910 3406 ποιήσεται
950 3343 1155 3407 δύναμιν;
1219 3344 1402 3406 κρατεῖν
1456 3339 1545 3406 γὰρ
1583 3341 1716 3402 ἡμεῖς
1757 3344 1840 3403 τῆς
1879 3338 2135 3407 ἀλλοτρίας
2189 3339 2440 3407 εἰώθαμεν,
2501 3337 2580 3388 καὶ

267 3431 355 3495 0³³7.
394 3432 541 3497 ἕτεροι
575 3437 658 3495 τῆς
696 3432 955 3495 ἡμεδαπῆς.
995 3429 1072 3480 καὶ
1126 3436 1269 3479 ταῦτα
1324 3430 1431 3492 ἡμῖν
1483 3429 1530 3478 ἐν
1581 3427 1767 3496 βεβαίῳ,
1819 3430 1955 3496 μέχρι
2012 3429 2213 3494 πόλεμοί
2263 3448 2313 3479 τε
2364 3426 2445 3479 ὦσι
2499 3427 2579 3478 καὶ

269 3515 415 3583 {kz-122⁹
456 3521 599 3579 σ’ύτως
639 3520 1085 3583 ἀπαυθαδισαμένων
1126 3524 1217 3569 τῶν
1245 3516 1549 3584 Σκλαβήνων,
1591 3517 1674 3566 οὒκ
1713 3516 1879 3578 ἄλλως
1919 3516 1999 3568 καὶ
2037 3519 2077 3569 οἱ
2104 3516 2304 3584 ’Ἄβαροι
2343 3519 2577 3568 διετέλουν

266 3610 499 3671 χρώμενοι
536 3609 914 3676 μεγαληγορίαις.
956 3606 1052 3659 εἶτα
1091 3609 1148 3658 ἐκ
1189 3609 1345 3656 τούτου
1386 3605 1762 3673 προπηλακισμοί
1801 3605 1881 3657 καὶ
1917 3607 2082 3676 ὕβρεις,
2121 3607 2198 3658 καὶ
2237 3610 2318 3658 ἅτε
2357 3607 2578 3674 βάρβαροι

271 3695 337 3758 τῷ
377 3694 563 3759 σκληρά
601 3714 651 3746 τε
691 3696 771 3746 καὶ
810 3698 996 3762 ὀγκώδη
1039 3699 1307 3763 φρονήματα
1346 3696 1469 3760 ἔχειν
1510 3695 1592 3756 τὴν
1632 3695 1697 3754 ὡς
1721 3694 1971 3758 ἀλλήλους
2011 3695 2295 3761 ἀνεσόβησαν
2350 3698 2455 3764 ἔριν.
2499 3695 2578 3745 καὶ

273 3781 313 3829 οἱ
352 3781 621 3844 §maz-02:¹2
658 3785 709 3833 τὀ
750 3790 870 3849 σφῶν
909 3785 1058 3835 αὐτῶν
1118 3784 1306 3850 ὀργίλον
1356 3785 1444 3849 οὺχ
1482 3782 1565 3833 οἶοί
1616 3801 1666 3833 τε
1720 3784 1851 3844 ὄντες
1899 3785 2212 3851 ἐγχαλινώσαι
2265 3786 2372 3845 τοὺς
2424 3787 2576 3836 ἐκεῖσε

275 3866 542 3931 ἀφιγμένους
580 3870 789 3935 πρέσβεις
828 3871 1092 3939 ἀναιροῦσιν,
1133 3873 1196 3930 ώς
1224 3874 1458 3937 ἑτέρωθεν
1486 3870 1650 3933 ἀμέλει
1676 3872 1882 3923 ἔκπυστα
1921 3876 2144 3939 γενέσθαι
2198 3878 2340 3924 ταῦτα
2378 3874 2573 3940 Βαῖανῷ.

330 3959 348 3968 -ι

306 3972 407 4003 ουτο
457 3966 694 4022 τοιγαροῦν
743 3959 864 4007 κατα
903 3959 1194 4022 Σκλαβηνῶν
1234 3959 1468 4021 ἐπίκλημα
1506 3962 1776 4022 ποιούμενος
1828 3961 1885 4011 ἐκ
1934 3963 2120 4023 πολλοῦ
2163 3965 2186 4012 ό
2226 3965 2438 4031 Βαῖανός,
2498 3960 2578 4011 καὶ

275 3973 301 4002 el

278 4042 549 4106 ὀποκρύςιον
590 4045 710 4108 ἔχων
750 4046 813 4104 ὡς
853 4046 1017 4104 αὖτοὺς
1058 4047 1108 4094 :b
1151 4047 1318 4111 ἔχθος,
1361 4045 1439 4094 καὶ
1474 4045 1638 4105 άλλως
1665 4046 1942 4118 ἀσχάλλων,
1982 4052 2056 4101 ὅτι
2092 4051 2216 4117 αυτῷ
2255 4052 2449 4114 ὑπήκοοι
2488 4051 2575 4100 οὒκ

285 4127 509 4195 ἐγένοντο,
550 4133 655 4190 μήτε
784 4134 896 4197 προς
938 4134 1084 4182 αὒτῶν
1126 4133 1203 4181 καὶ
1242 4134 1298 4181 τὰ
1339 4132 1569 4193 ἀνήκεστα
1587 4137 1886 4205 πεπονθέναι,
1927 4138 2007 4188 καὶ
2031 4141 2126 4202 ἅμα
2149 4141 2233 4203 μὲν
2253 4142 2386 4207 χάριν
2411 4139 2575 4190 εἰδέναι

2613 2913 2660 2958 p.
2685 2903 2787 2944 100.
