2872 4504
1268 238 1336 294 St.
1369 253 1469 293 302.
2437 248 2522 290 339

216 421 284 476 Se
322 435 531 489 mnogo
582 422 658 475 let
705 420 815 476 iivi
855 439 890 476 v
930 426 1120 478 strahu
1172 426 1571 494 Gospodovem
1622 430 1708 478 ter
1755 419 1848 488 nai
1902 420 1964 477 se
2017 419 2120 474 kot
2173 420 2309 474 stari
2360 419 2462 475 oce
2484 419 2522 490 ²)

218 510 384 564 vlada
434 509 493 563 in
542 510 729 577 vzreja
781 511 940 578 svoje
991 514 1204 567 sinove.
1262 514 1331 569 Ti
1378 529 1450 583 pa
1503 511 1592 580 nai
1635 509 1885 579 varujejo
1941 507 2180 578 njegove
2219 507 2412 577 palatie
2451 510 2525 563 do

217 596 455 667 njegove
493 599 652 652 smrti
690 600 749 653 in
789 602 904 654 tudi
943 602 1004 656 se
1042 608 1243 670 potem.

392 688 726 754 Rhythmus
769 693 839 742 de
865 691 1099 757 Pippini
1123 693 1276 757 regis
1302 691 1556 744 victoria
1593 690 1849 743 Avarica
1887 686 2032 759 (MG.
2077 686 2266 737 Poetae
2293 687 2362 736 lat
2408 688 2519 736 aevi

216 774 415 836 Carol‚
457 775 494 846 1,
543 783 658 838 116,
709 776 849 848 117):

1354 868 1391 923 Ι.
2551 888 2597 932 p.
2631 879 2736 923 116.

557 968 760 1020 Omnes
800 982 979 1037 gentes
1020 974 1111 1040 qui
1153 971 1332 1041 fecisti,
1371 983 1426 1022 tu
1469 970 1692 1035 Christe,
1731 971 1814 1021 dei
1853 968 2082 1027 sobules,

555 1068 730 1116 terraS,
774 1058 962 1118 fonteS‚
1004 1063 1161 1129 rivos,
1201 1071 1407 1111 montes
1448 1071 1499 1111 et
1537 1059 1774 1111 formasti
1814 1057 2105 1117 hominem,

555 1150 863 1215 Avaresque·
900 1150 1197 1199 convertisti
1241 1150 1437 1200 ultimis
1477 1151 1821 1216 temporibus,

1342 1281 1402 1335 11.

556 1382 722 1433 Multa
763 1384 900 1434 mala
941 1386 1046 1434 iam
1089 1384 1324 1436 fecerunt
1362 1387 1424 1436 ab
1466 1387 1638 1436 antico
1679 1395 1934 1452 ternpore,

556 1469 676 1521 fana
716 1472 798 1521 dei
839 1473 1207 1523 destruxerunt
1247 1484 1400 1542 atque
1441 1475 1772 1533 monasteria,

555 1576 676 1609 vasa
716 1576 870 1610 aurea
910 1572 1123 1631 sacrata,
1161 1573 1419 1631 argentea,
1461 1561 1651 1616 fictilia.

1333 1694 1415 1745 111.

555 1789 767 1840 Vestem
809 1801 1042 1840 sanctam
1084 1791 1389 1858 polluerunt
1428 1793 1490 1842 de
1531 1808 1616 1842 ara
1656 1793 2019 1855 sacratissima,

554 1880 859 1929 linteamina
899 1880 1083 1930 levitae
1123 1890 1174 1930 et
1212 1881 1740 1932 sanctaemonialium

555 1969 900 2018 muliebribus
939 1970 1136 2019 tradata
1176 1970 1428 2020 suadente
1469 1970 1714 2021 demone.

1332 2102 1416 2155 IV.

555 2199 697 2249 Misit
736 2200 866 2249 deus
906 2199 1118 2250 Petrum
1159 2210 1416 2259 sanctum,
1459 2202 1750 2267 principem
1791 2199 2109 2267 apostolum,

555 2291 606 2338 in
650 2290 907 2340 auxilium
948 2289 1157 2356 Pippini
1199 2292 1373 2356 magni
1415 2292 1548 2358 regis
1587 2285 1775 2357 filium,

556 2389 615 2428 ut
653 2381 792 2429 viam
834 2383 945 2428 eius
987 2381 1261 2428 comitaret
1299 2389 1350 2428 et
1388 2377 1716 2429 Francorum
1757 2381 1937 2432 aciem.

1340 2510 1403 2561 V.

556 2607 667 2657 Rex
706 2610 937 2658 accintus
977 2607 1058 2656 dei
1100 2610 1289 2657 virtute
1332 2606 1535 2677 pippin,
1573 2624 1662 2658 rex
1700 2606 2005 2678 catholicus,

557 2707 718 2747 castra
759 2694 871 2764 figit
910 2711 1068 2762 super
1107 2695 1307 2746 flumen
1349 2695 1582 2747 albidum
1626 2696 1946 2767 Danubium,

555 2785 797 2836 hostibus
839 2788 1113 2852 accingens
1153 2795 1325 2835 totum
1368 2786 1604 2853 undique
1645 2785 1883 2852 presidia.

1329 2918 1413 2972 vl.

557 3016 873 3084 Unguimeri
914 3018 1035 3066 satis
1075 3032 1286 3083 pavens,
1328 3019 1626 3065 Avarorum
1665 3031 1870 3084 genere,

554 3108 661 3172 regi
703 3106 884 3156 dicens
924 3107 1045 3155 satis
1086 3103 1243 3155 forte:
1288 3103 1409 3174 „Tu
1451 3102 1656 3155 Cacane
1697 3102 1953 3171 perdite!“

556 3205 714 3263 atque
754 3193 991 3245 Catunae
1033 3194 1253 3254 mulieri,
1297 3193 1600 3243 maledictae
1641 3195 1878 3260 coniugi:

1312 3325 1421 3380 VII.

558 3424 773 3495 „Regna
813 3434 982 3475 vestra
1022 3433 1348 3491 consumata,
1387 3423 1520 3473 ultra
1559 3438 1667 3473 non
1709 3423 2009 3491 regnabitis,

555 3529 714 3580 regna
756 3525 920 3564 vestra
961 3513 1052 3562 diu
1092 3513 1247 3578 longe
1289 3514 1538 3562 cristianis
1578 3512 1779 3571 tradita,

555 3619 585 3652 a
625 3601 851 3670 Pippino
893 3601 1178 3669 demollita,
1217 3602 1451 3666 principe
1492 3598 1767 3653 catholico,

1302 3732 1432 3785 Vlll.

554 3830 974 3899 Adpropinquat
1012 3846 1098 3880 rex
1141 3829 1393 3896 Pippinus
1436 3827 1553 3878 forti
1596 3844 1717 3879 cum
1759 3832 2001 3893 exercitu,

555 3918 686 3970 fines
726 3931 848 3971 tuos
890 3934 1165 3986 occupare,
1207 3917 1528 3983 depopulare
1570 3919 1851 3987 populum,

557 4019 782 4075 montes,
823 4009 977 4059 silvas
1018 4018 1174 4074 atque
1215 4006 1372 4055 colles
1414 4021 1609 4071 ponere
1651 4007 1885 4073 presidia.

2554 3374 2599 3418 p.
2634 3366 2737 3407 117.

402 4169 434 4227 ¹)
464 4169 597 4226 Kralj
634 4170 760 4227 Pipn
783 4171 836 4226 je
867 4169 934 4215 bil
966 4169 1060 4215 leta
1097 4171 1197 4215 796.
1229 4167 1283 4212 se
1314 4166 1359 4211 le
1392 4170 1446 4214 19
1478 4166 1542 4212 let
1573 4171 1689 4213 star.
