2872 4504
342 227 431 270 326
1391 212 1455 265 St.
1490 225 1591 267 293.

513 402 664 454 Ann.
692 401 852 466 regni
893 399 1095 451 Franc.
1123 396 1284 467 (Ann.
1312 398 1534 449 Lauriss.
1564 395 1704 466 mai.)
1729 400 1793 448 ad
1819 416 1866 451 a.
1889 399 1995 465 796
2022 397 2123 467 (ed.
2151 398 2207 452 F.
2237 400 2425 458 Kurze,
2450 417 2501 465 p.
2525 396 2636 466 98):

341 488 476 558 „Sed
517 499 567 538 et
607 489 884 538 Heinricus
921 488 1025 536 dux
1051 485 1407 536 Foroiulensis
1433 488 1603 535 missis
1630 485 1935 536 hominibus
1961 490 2068 536 suis
2097 504 2218 537 cum
2244 487 2584 557 Wonomyro
2599 483 2637 554 ¹)

339 576 522 627 Sclavo
578 579 628 626 in
684 577 980 627 Pannonias
1037 574 1283 642 hringum
1338 576 1505 642 gentis
1561 578 1856 625 Avarorum
1909 576 2081 642 longis
2136 588 2272 625 retro
2313 575 2638 641 temporibus

338 667 597 734 quietum,
638 665 773 715 civili
816 664 952 714 bello
995 662 1216 729 fatigatis
1257 665 1388 711 inter
1427 680 1481 712 se
1522 664 1860 729 principibus,
1903 666 2161 730 spoliavit,
2192 695 2261 702 —
2291 665 2488 731 chagan
2531 666 2638 713 sive

338 755 528 819 iuguro
586 755 825 803 intestina
880 753 1021 802 clade
1073 753 1288 801 addictis
1343 762 1393 801 et
1432 769 1460 800 a
1500 754 1607 801 suis
1662 755 1844 802 occisis
1886 782 1950 789 -—
1994 752 2299 803 thesaurum
2347 755 2639 819 priscorum

337 856 524 908 regum
564 842 730 891 multa
771 841 1069 890 seculorum
1111 841 1402 907 prolixitate
1445 840 1722 890 collectum
1765 841 1967 890 domno
2011 844 2113 908 regi
2157 840 2350 891 Carolo
2384 842 2448 891 ad
2471 843 2639 908 Aquis

346 931 601 996 palatium
641 932 796 981 misit.
839 928 963 989 Quo
1006 939 1219 994 accepto
1261 939 1466 994 peracta
1508 929 1621 978 Deo
1662 929 1891 996 largitori
1933 933 2176 980 omniurn
2219 931 2484 980 bonorum
2526 945 2642 997 gra-

337 1021 526 1069 tiarum
570 1021 772 1068 actione
814 1018 951 1066 idem
994 1019 1070 1067 vir
1110 1018 1549 1083 prudentissimus
1578 1028 1734 1085 atque
1757 1019 2079 1084 largissimus
2105 1029 2154 1068 et
2181 1018 2274 1068 Dei
2314 1020 2642 1084 dispensator

339 1123 589 1174 magnam
629 1107 748 1156 inde
788 1117 989 1172 partem
1029 1105 1258 1155 Romam
1286 1106 1348 1154 ad
1375 1106 1556 1155 limina
1586 1107 1951 1172 apostolorum
1990 1109 2130 1156 misit
2155 1122 2249 1173 per
2275 1106 2640 1173 Angilbertum

338 1196 588 1246 dilectum
628 1195 865 1244 abbatem
910 1209 1089 1261 suum3
1137 1210 1296 1261 porro
1337 1195 1589 1262 reliquam
1648 1205 1845 1261 partem
1905 1195 2254 1256 obtimatibus,
2301 1196 2495 1244 clericis
2534 1196 2641 1243 sive

334 1284 492 1335 laicis,
534 1285 819 1351 ceterisque
859 1281 1101 1332 fidelibus
1142 1284 1248 1331 suis
1289 1283 1502 1349 largitus
1544 1281 1673 1331 est.“

513 1374 663 1425 Arm.
690 1372 968 1423 Einhardi
998 1371 1064 1420 ad
1091 1388 1133 1423 a.
1159 1371 1267 1438 796
1295 1370 1454 1440 (ibid.,
1474 1389 1526 1437 p.
1555 1368 1667 1439 99):
1699 1371 1924 1440 „Missus
1950 1383 2026 1420 est
2050 1372 2115 1421 ad
2141 1370 2244 1421 hoc
2273 1370 2364 1441 (sc.
2390 1368 2642 1439 Romam)

336 1463 687 1530 Angilbertus,
730 1461 888 1511 abbas
941 1462 1243 1510 monasterii
1295 1462 1458 1510 sancti
1512 1455 1824 1527 Richarii²);
1881 1476 1974 1526 per
2014 1477 2173 1528 quem
2217 1463 2370 1510 etiam
2412 1472 2538 1510 tunc
2577 1461 2642 1509 ad

337 1562 577 1602 sanctum
618 1550 830 1599 Petrum
874 1566 1119 1615 magnam
1162 1559 1360 1615 partem
1404 1548 1648 1615 thesauri,
1695 1565 1853 1616 quem
1897 1548 2080 1598 Ericus
2120 1550 2226 1599 dux
2267 1548 2641 1599 Foroiuliensis

336 1641 558 1708 spoliata
599 1640 885 1689 Hunorum
928 1641 1081 1707 regia,
1122 1655 1256 1705 quae
1297 1637 1514 1704 hringus
1553 1639 1852 1706 vocabatur,
1892 1639 2078 1687 eodem
2118 1654 2257 1687 anno
2287 1639 2391 1705 regi
2418 1637 2482 1686 de
2507 1636 2642 1686 Pan·
2706 1667 2710 1674 -

335 1730 495 1779 nonia
536 1728 802 1795 detulerat,
852 1729 1013 1794 misit3
1054 1727 1315 1794 reliquum
1359 1743 1481 1775 vero
1525 1729 1656 1775 inter
1696 1729 1974 1792 optimates
2015 1737 2064 1776 et
2104 1727 2302 1776 aulicos
2337 1737 2637 1793 ceterosque

337 1819 388 1866 in
430 1817 623 1883 palatio
664 1833 762 1866 suo
807 1817 1084 1865 militantes
1124 1815 1319 1865 liberali
1362 1832 1522 1864 manu
1565 1813 1871 1867 distribuit.“

512 1906 661 1957 Ann.
687 1905 967 1957 Lauresh.
994 1905 1059 1953 ad
1100 1921 1142 1956 a.
1171 1918 1274 1971 795
1321 1902 1466 1974 (MG.
1498 1902 1600 1969 SS.‚
1646 1903 1681 1963 1,
1728 1901 1844 1972 36);
1908 1902 2010 1972 „Et
2049 1905 2100 1952 in
2143 1920 2206 1952 eo
2248 1919 2387 1952 anno
2430 1920 2458 1952 a
2500 1913 2643 1969 parte

335 1997 632 2044 Avarorum
687 2004 944 2043 venerunt
998 1992 1242 2062 thesauri,
1294 2009 1483 2059 magna
1541 1993 1853 2061 multitude,
1897 2009 1993 2059 pro
2052 1994 2244 2060 quibus
2284 1992 2516 2042 domnus
2557 2007 2644 2040 rex

338 2085 689 2149 omnipotenti
732 2084 836 2147 regi
877 2085 1065 2150 gratias
1105 2099 1279 2150 agenS,
1320 2093 1369 2131 et
1409 2082 1669 2132 distribuit
1710 2085 1882 2149 ipsum
1912 2080 2216 2131 thesaurum
2246 2084 2376 2131 inter
2404 2081 2643 2130 ecclesias

337 2181 388 2220 et
427 2173 720 2237 episcopos,
762 2187 853 2219 seu
895 2171 1106 2220 abbates
1147 2182 1197 2219 et
1237 2173 1480 2234 comites;
1522 2187 1616 2220 nec
1642 2187 1748 2221 non
1792 2182 1842 2220 et
1882 2173 2155 2221 universos
2195 2168 2374 2219 fideles
2413 2185 2538 2220 suos
2578 2170 2642 2219 de

336 2260 525 2310 eodem
565 2257 810 2308 thesauro
853 2256 1068 2308 mirifice
1108 2258 1434 2312 honoravit.“

510 2347 661 2400 Ann.
685 2346 872 2399 Guelf.
912 2347 977 2396 ad
1017 2364 1061 2401 a.
1090 2363 1192 2414 795
1237 2346 1396 2417 (ibid,
1439 2347 1472 2407 1,
1514 2345 1632 2415 45):
1679 2347 1781 2417 „Et
1820 2359 1945 2397 tunc
1985 2349 2307 2397 tradiderunt
2333 2364 2386 2396 se
2413 2346 2557 2396 Huni
2588 2357 2640 2395 et

336 2435 500 2486 Zotan
517 2434 576 2503 ³),
595 2447 643 2485 et
658 2437 844 2485 iterum
860 2434 1111 2485 hiemavit
1126 2437 1215 2506 (sc.
1230 2437 1339 2500 rex)
1359 2436 1423 2485 ad
1436 2439 1630 2504 Aquas,
1646 2448 1695 2486 et
1713 2439 1949 2503 pervenit
1967 2439 2011 2486 ei
2029 2435 2303 2486 thesaurus
2325 2437 2388 2485 de
2411 2431 2639 2485 Hunia.“

511 2525 665 2576 Ann.
707 2524 870 2581 Fuld.
913 2526 977 2573 ad
1017 2542 1061 2578 a.
1082 2525 1188 2591 796
1230 2524 1395 2594 (ibid,
1435 2525 1470 2584 1,
1518 2523 1666 2594 351):
1728 2524 1944 2594 „Cagan
1986 2536 2035 2575 et
2071 2525 2291 2593 Iugurro
2319 2524 2641 2591 principibus

339 2614 626 2664 Hunorum
668 2615 803 2663 civili
846 2614 983 2663 bello
1027 2625 1077 2664 et
1116 2617 1358 2664 intestina
1399 2615 1542 2664 clade
1584 2631 1610 2663 a
1646 2617 1754 2664 suis
1782 2617 1978 2672 occisis,
2010 2631 2228 2680 campus
2255 2629 2458 2682 eorum,
2483 2628 2644 2680 quem

340 2712 532 2752 vocant
580 2701 861 2768 Hringum,
921 2705 1093 2768 primo
1150 2719 1242 2770 per
1294 2702 1578 2753 Ehericum
1619 2704 1808 2753 ducem
1851 2702 2287 2771 Foroiuliensem,
2327 2701 2514 2750 deinde
2554 2715 2647 2767 per

339 2789 623 2856 Pippiuum
664 2788 832 2840 filium
874 2787 1061 2858 regis⁸)
1103 2793 1273 2841 aditus
1315 2802 1365 2841 et
1404 2802 1588 2858 captus
1629 2804 1725 2855 est;
1777 2803 1827 2842 et
1866 2808 2051 2842 omnes
2093 2791 2378 2841 Hunorum
2419 2807 2547 2857 opes
2586 2804 2645 2838 ac

337 2877 560 2928 thesauri
605 2879 808 2936 sublati,
853 2890 903 2928 et
944 2879 1139 2929 Karolo
1182 2882 1231 2928 in
1275 2883 1587 2947 Aquisgrani
1633 2881 1826 2946 palatio
1867 2880 2003 2929 allati
2045 2877 2214 2932 sunt.“

516 2951 735 3018 Chron.
775 2967 974 3020 MoiSS.
1014 2969 1078 3017 ad
1119 2985 1162 3020 a.
1188 2983 1292 3035 795
1349 2970 1508 3038 (ibid.,
1553 2969 1588 3038 1,
1632 2966 1781 3037 302):
1845 2968 1945 3038 „Et
2002 2971 2051 3017 in
2109 2985 2172 3019 eo
2231 2984 2369 3017 anno
2424 2984 2452 3015 a
2499 2978 2643 3032 parte

334 3057 628 3104 Avarorum
671 3067 926 3106 venerunt
980 3055 1225 3115 thesauri,
1286 3075 1475 3124 magna
1532 3058 1833 3120 multitudo,
1891 3073 1986 3123 pro
2039 3057 2232 3125 quibus
2285 3057 2516 3106 domnus
2558 3071 2641 3105 rex

341 3145 692 3209 omnipotenti
733 3146 837 3210 regi
881 3147 1066 3210 gratias
1108 3162 1281 3212 agens,
1319 3146 1686 3213 distribuitque
1712 3148 1886 3212 ipsum
1915 3145 2219 3194 thesaurum
2248 3146 2379 3194 inter
2405 3144 2643 3194 ecelesias

338 3241 388 3281 et
429 3233 707 3298 episcopos
748 3249 838 3283 seu
878 3234 1088 3283 abbates
1129 3244 1180 3284 et
1219 3236 1454 3303 comites,
1509 3251 1604 3284 nec
1643 3251 1752 3283 non
1795 3245 1845 3284 et
1885 3217 2374 3284 universos'fideles
2413 3227 2539 3283 suos
2578 3231 2642 3281 de

340 3319 528 3370 eodem
569 3319 814 3370 thesauro
856 3320 1071 3372 mirifice
1111 3321 1438 3376 honoravit.“

514 3410 680 3460 Pauli
722 3411 954 3462 diaconi
995 3410 1380 3463 Continuatio
1408 3413 1602 3476 tertia,
1644 3428 1685 3464 c.
1712 3411 1779 3478 69
1807 3410 1950 3482 (MG.
1980 3410 2067 3462 SS.
2097 3425 2190 3463 rer.
2216 3410 2467 3478 Langob„
2494 3405 2641 3477 215):

337 3496 630 3565 „Henricus
687 3497 875 3548 dehinc
930 3498 1395 3549 Foroiulianorum
1449 3502 1571 3569 dux,
1622 3501 1884 3567 expoliato
1939 3501 1990 3548 in
2034 3499 2304 3549 Pannonia
2345 3502 2638 3549 Avarorum

334 3587 567 3652 principe
607 3586 848 3655 Hyringo
867 3582 926 3657 ⁵),
967 3589 1367 3638 inestimabilem
1407 3588 1713 3639 thesaurum
1755 3591 1866 3639 eius
1907 3590 2013 3655 regi
2054 3590 2196 3638 misit
2234 3584 2479 3640 Carolo.“

512 3773 544 3826 ⁸)
579 3775 622 3818 V
654 3775 901 3820 nekaterih
932 3777 1187 3833 rokopisih
1218 3777 1333 3833 stoji
1369 3778 1707 3835 „uuonomiro“
1744 3777 1808 3822 ali
1838 3790 1900 3834 pa
1937 3777 2278 3836 „uunomy'ro“.

512 3847 545 3904 ²)
577 3848 714 3904 Sedaj
750 3848 817 3894 St.
840 3849 1036 3905 Riquier
1066 3862 1127 3895 na
1151 3863 1403 3896 severnem
1434 3852 1762 3896 Francoskem
1783 3852 1858 3907 pri
1882 3852 1984 3896 reki
2009 3850 2201 3896 Somme
2224 3851 2350 3895 blizu
2370 3850 2636 3895 Abbeville.

512 3920 544 3978 ¹)
575 3922 725 3965 Zotan
755 3923 869 3978 stoji
900 3924 1031 3979 tukaj
1066 3930 1284 3969 namesto
1321 3925 1538 3982 „tudun“.
1570 3925 1644 3971 Cf.
1666 3926 1725 3970 st.
1750 3929 1852 3971 291.

509 3993 545 4045 ⁴)
579 3994 650 4039 Cf.
678 3996 734 4039 st.
761 3999 861 4041 301.

512 4066 543 4119 ⁵)
577 4068 771 4124 Pisatelj
799 4071 851 4124 je
883 4081 942 4113 na
974 4075 1067 4114 tem
1099 4077 1253 4116 mestu
1286 4072 1504 4128 napravil
1534 4072 1577 4116 iz
1608 4072 1778 4130 imena,
1808 4084 1835 4117 s
1865 4072 2069 4117 katerim
2101 4084 2157 4117 so
2181 4071 2363 4116 Franki
2386 4079 2635 4116 zaznamo-

331 4140 429 4185 vali
461 4141 629 4185 obrski
660 4143 811 4200 tabor,
844 4156 1031 4199 novega
1064 4146 1304 4201 obrskega
1337 4147 1503 4191 kneza.
