2872 4504
38 1317 67 1367 ἓ
98 1320 141 1370 1,
171 1325 217 1370 p.
248 1318 349 1359 245.

45 1676 74 1728 ’ἓ
105 1680 146 1721 2.
178 1686 224 1731 p.
255 1678 356 1718 246.

219 1854 272 1905 ’ξ
304 1856 346 1895 3.

49 2135 75 2187 ἓ
98 2141 140 2194 1,
172 2147 218 2192 p.
242 2139 342 2180 247.

246 2315 342 2366 §2

248 2581 345 2633 §3-

247 2937 272 2988 ἓ
304 2938 346 2978 5.

251 3210 275 3260 ξ
308 3210 348 3250 6.

163 3308 209 3353 p.
244 3299 346 3340 248.

251 3474 276 3525 ἓ
310 3476 351 3515 8.

250 3696 352 3791 go.

229 4097 255 4148 ξ
288 4098 358 4138 10.

379 259 463 302 152
1406 249 1473 305 St.
1507 265 1605 306 118.

377 432 511 486 tako
546 432 602 498 je
642 435 755 488 bilo
793 437 1097 489 nenadoma
1137 450 1341 503 mnogo
1381 436 1503 490 moi
1542 439 1769 505 pobitih.
1815 439 1998 494 Izmed
2036 442 2180 495 dveh
2218 443 2418 511 zlegov
2451 443 2507 510 J'e
2545 446 2664 516 bilo

377 522 530 574 treba
569 521 763 575 izbrati
802 538 989 590 «mega,
1044 522 1268 576 namrec':
1317 525 1574 592 zapustiti
1613 527 1761 580 vodo
1810 533 1894 581 ter
1933 529 2092 583 vsled
2129 529 2245 596 ieje
2283 532 2511 599 izgubiti
2549 532 2662 586 iiv-

376 607 541 674 ljenje
579 610 654 662 ali
693 626 762 678 pa
800 626 831 663 z
870 613 1019 664 vodo
1058 612 1192 664 vred
1232 611 1281 664 si
1319 612 1587 681 nakopati
1624 615 1740 667 tudi
1779 622 1930 669 smrt.
1969 615 2130 684 Sedaj
2170 634 2237 672 so
2275 620 2325 673 si
2357 620 2664 675 Bizantinoi

375 698 649 764 napravili
702 698 862 752 dolne
915 705 998 751 ter
1050 699 1122 752 §li
1162 698 1257 752 &ez
1311 700 1466 770 rek0,
1503 703 1574 754 da
1612 702 1670 754 bi
1708 702 1890 770 prijeli
1928 704 2278 760 sovrainike.
2336 707 2420 761 Ko
2459 723 2527 762 so
2563 710 2664 763 do-

375 785 516 853 speli
554 801 626 838 na
664 793 969 854 nasprotno
1007 793 1176 856 stran,
1213 802 1280 841 so
1319 787 1397 853 iih
1435 789 1826 857 mnogobrojni
1864 793 2086 846 barbari
2111 809 2140 847 s
2165 794 2368 860 svojim
2405 796 2664 850 navalom

374 874 692 941 premagali.
746 874 1103 929 Bizantinske
1156 882 1333 929 trume
1388 892 1454 930 so
1492 878 1604 931 bile
1653 878 1946 954 potolffiene
1997 887 2080 934 ter
2118 897 2185 936 so
2224 884 2434 936 morale
2473 883 2665 938 beiati.

375 961 485 1015 Ker
532 961 588 1028 je
641 963 716 1014 bil
772 963 930 1016 Peter
968 979 1004 1015 v
1043 962 1232 1029 vojski
1269 980 1300 1017 z
1339 966 1559 1018 barbari
1615 966 1897 1037 nesre6en,
1930 967 1986 1034 je
2032 970 2240 1037 izgubil
2290 971 2667 1039 poveljnisstvo

373 1056 457 1102 ter
495 1051 577 1104 §el
618 1066 653 1102 v
693 1050 977 1119 Carigrad.
1027 1051 1114 1106 Na
1152 1051 1394 1122 njegovo
1434 1061 1610 1108 mesto
1645 1054 1700 1121 je
1740 1056 1817 1109 bil
1857 1056 2022 1111 Prisk
2061 1058 2113 1110 iz
2150 1073 2298 1112 nova
2336 1060 2666 1128 postavljen.

549 1140 973 1205 Theophylacti
997 1141 1353 1194 Simocattae
1377 1144 1691 1208 Historiae,
1710 1145 1794 1194 lib.
1817 1145 1924 1214 VII,
1949 1162 1990 1198 c.
2027 1162 2157 1210 1—5
2181 1145 2300 1216 (Ed.
2329 1146 2389 1200 C.
2420 1150 2482 1198 de
2507 1149 2670 1219 Boot,
2709 1161 2711 1163 ’

373 1247 423 1294 Ρ-
457 1243 555 1292 245
579 1257 624 1264 —
641 1227 781 1297 254)-

559 1317 685 1370 [bid.
728 1335 754 1367 c
819 1333 837 1368 1
885 1317 939 1388 (p
1004 1334 1124 1388 245,
1166 1317 1322 1388 246):
1371 1321 1539 1384 ηΟύτω
1579 1322 1662 1382 μὲν
1702 1317 1778 1370 οὖν
1817 1321 2015 1388 Πρίσκος
2067 1323 2484 1393 ἀποχειροτονεῖτο,
2520 1327 2669 1376 πολέ·

372 1423 550 1471 μαρχος
591 1406 641 1454 δὲ
679 1407 763 1455 ὑπο
805 1414 884 1456 τοῦ
923 1408 1265 1475 αὐτοκράτορος
1304 1410 1327 1456 ἑ
1369 1410 1544 1475 Πέτρος
1583 1408 1922 1477 ἀναγορεύεται,
1961 1413 2013 1469 ὀς
2052 1410 2132 1460 καὶ
2169 1412 2454 1479 αύτάδελφος
2494 1416 2672 1482 Μαυρι-

371 1493 468 1543 κίου
508 1494 757 1560 ἐτύγχανεν
796 1497 874 1546 ὤν.
917 1497 1192 1562 ἐγχαράττει
1228 1496 1369 1546 τοίνυν
1396 1497 1635 1558 βασιλικὰς
1675 1498 1920 1558 ἐπιστολὰς
1945 1500 1968 1547 ἑ
1997 1500 2263 1567 Maupimg,
2304 1503 2473 1561 ταύτας
2514 1521 2566 1552 τε
2603 1505 2670 1568 τῷ

371 1585 615 1651 στρατηγῷ
655 1584 835 1644 ἐπιδοὺς
873 1591 1031 1634 τοῦτον
1070 1584 1354 1648 ἀπεκδημεῖν
1395 1592 1474 1635 τοῦ
1514 1587 1678 1645 ἄστεος
1716 1588 2028 1651 παρεσκεύαζε
2046 1587 2123 1636 καὶ
2145 1589 2263 1654 προς
2281 1591 2334 1639 το
2359 1591 2671 1655 στρατοπεδον

381 1675 622 1740 ἀφικέσθαι
676 1675 1030 1740 καρεκελεύετο.
1082 1676 1110 1736 ἡ
1165 1675 1244 1737 μία
1297 1681 1534 1741 τοιγαροῦν
1572 1672 1587 1746 Η
1625 1680 1714 1725 τῶν
1768 1675 2018 1739 βασιλικῶν
2057 1678 2308 1727 ἐπιστολῶν
2347 1685 2672 1745 στρατιωτικῆς

374 1760 617 1821 ἐπιδόσεως
658 1763 797 1821 τύπος
836 1763 1104 1828 ἐτύγχανεν·
1147 1764 1170 1810 ὁ
1212 1763 1262 1812 δὲ
1299 1764 1440 1822 τύπος
1477 1762 1709 1825 ἠβούλετο
1750 1768 1945 1830 τριτταῖς
1984 1765 2157 1829 μοίραις
2207 1768 2538 1817 συντάττεσθαι
2591 1769 2675 1831 τὴν

378 1852 587 1910 ἐπίδοσιν,
643 1848 695 1899 δι’
755 1851 960 1913 ἐσθῆτος
998 1849 1075 1899 καὶ
1114 1850 1272 1899 ὅπλων
1313 1849 1392 1900 καὶ
1429 1853 1735 1917 χαράγματος
1788 1850 1990 1918 χρυσίου,
2048 1853 2353 1918 ἀποφοιτήσας
2401 1855 2547 1903 τοίνυν
2587 1861 2675 1918 τῇς

374 1939 618 2006 Πειρίνθου
670 1941 693 1986 ὁ
751 1939 1009 2004 στρατηγὸς
1061 1938 1134 1988 ἐπὶ
1181 1939 1239 1988 τὰ
1284 1940 1519 2006 Δριζίπερα
1568 1940 1752 2007 γίνεται,
1803 1938 1879 1989 καὶ
1929 1941 2196 1990 καταλιπὼν
2247 1942 2304 1990 τὰ
2342 1943 2578 2008 Δριζὲπερα
2615 1950 2672 2012 τῇ

372 2025 585 2092 Ὀδησσῷ
624 2029 890 2093 προσομιλεῖ
928 2067 938 2078 .
981 2068 992 2078 .
1035 2028 1081 2078 .“

551 2131 678 2182 Ibid.
718 2147 760 2182 c,
806 2147 832 2180 2
875 2130 947 2201 (p.
992 2129 1336 2199 247—249):
1404 2173 1430 2199 „
1475 2171 1486 2181 .
1528 2171 1539 2182 .
1583 2171 1593 2181 .
1635 2130 1874 2180 ἀπολιπών
1915 2149 1967 2180 τε
2006 2131 2088 2193 τὴν
2128 2131 2357 2194 Ὀδησσὸν
2393 2131 2467 2182 ἐπ”.
2503 2134 2562 2183 τὰ
2601 2134 2677 2183 εὖ-

375 2224 531 2282 ὡνυμα
569 2225 658 2269 τῶν
697 2224 863 2287 χώρων
904 2221 1162 2288 μεταφοιτᾷ,
1202 2225 1259 2287 τῇ
1299 2238 1350 2269 τε
1390 2221 1656 2287 Μαρκιανοῦ
1695 2221 2033 2285 συγγενόμενος
2076 2220 2215 2270 πόλει
2242 2221 2421 2286 χιλίους
2455 2224 2678 2288 προθέειν

378 2317 456 2359 τοῦ
497 2310 807 2376 στρατοπέδου
845 2307 1139 2375 προσέταξεν.
1180 2308 1257 2358 καὶ
1296 2305 1372 2358 οὖν
1411 2311 1762 2374 ἐντυγχάνουσιν
1790 2304 1912 2358 οὗτοι
1935 2307 2192 2369 ἑξακοσίοις
2215 2309 2506 2372 Σκλαυηνοῖς
2543 2309 2677 2359 λείαν

377 2400 679 2462 ἐπαγομένοις
705 2396 945 2461 Ῥωμαίων
972 2397 1174 2459 πολλήν·
1203 2398 1259 2447 τὰ
1283 2398 1372 2462 γὰρ
1411 2398 1638 2447 Ζαλδαπά
1676 2397 1755 2446 καὶ
1792 2394 1933 2456 ’Άκυς
1974 2395 2053 2447 καὶ
2091 2399 2261 2457 Σκοπις
2300 2400 2679 2465 καταπρονομεύ-

377 2506 540 2547 σαντες
580 2483 717 2547 αὖθις
755 2488 1141 2553 ἐλαφυραγώγουν
1180 2486 1286 2545 τοὺς
1327 2487 1662 2553 ἀτυχήσαντα-ς,
1711 2484 1769 2547 ἦν
1825 2486 1875 2535 δὲ
1929 2487 2083 2545 αὺτοῖς
2122 2485 2194 2535 ἐπὶ
2230 2486 2453 2548 πλήθους
2492 2486 2681 2536 πολλοῦ

379 2575 567 2640 ἁμαξῶν
606 2578 634 2638 ἡ
676 2576 911 2637 ἀποσκευὴ
950 2581 1040 2625 τῶν
1079 2576 1309 2642 λαφύρων.
1351 2576 1414 2634 ὡς
1456 2576 1505 2624 δὲ
1545 2576 1755 2634 ἐπιόντας
1795 2573 1998 2639 ἔβλεψαν
2038 2574 2144 2634 τοὺς
2184 2572 2441 2637 Ῥωμαίους
2487 2575 2528 2624 οἱ
2565 2574 2680 2642 βάρ-

379 2666 521 2732 βαροι,
562 2662 658 2728 εἶτα
696 2663 773 2714 καὶ
812 2664 1213 2732 ἀντεβλέφθησαν,
1254 2662 1327 2713 ἐπὶ
1366 2665 1445 2714 τον
1484 2665 1622 2729 φονον
1662 2668 1752 2713 τῶν
1792 2662 2104 2728 αἰχμαλώτων
2144 2663 2414 2730 ἐτράποντο.
2440 2663 2682 2729 ἀναιρεῖται

337 2788 345 2797 ·
381 2755 525 2804 τοίνυν
564 2756 593 2816 ἡ
635 2759 726 2803 τῶν
766 2755 965 2820 ἀρρένων
1005 2753 1320 2819 αἰχμαλώτων
1359 2752 1535 2815 ἡβηδον
1574 2752 1750 2814 ἡλικία.
1792 2751 1890 2802 ἐπεὶ
1926 2753 1976 2802 δὲ
2015 2753 2292 2819 δύσφευκτος
2318 2756 2411 2811 τοῖς
2437 2750 2684 2818 βαρβάροις

379 2844 493 2906 ὑπῆν
531 2845 560 2905 ἡ
602 2845 881 2909 συνάντησις,
932 2843 1015 2901 τὰς
1054 2839 1235 2904 ἁμάξας
1273 2843 1524 2901 συνθέντες
1562 2841 1892 2908 περιεβάλοντο
1931 2842 2139 2908 χάρακα,
2179 2841 2275 2902 ἅμα
2314 2843 2409 2900 τοῖς
2434 2841 2683 2906 μειρακίοις

379 2932 436 2980 τὰ
474 2934 633 2995 γύναια
669 2930 734 2990 εἰς
775 2932 827 2981 τ“ο
868 2930 1138 2994 μεσαίτατον
1179 2936 1264 2994 τῆς
1304 2929 1472 2997 τάφρου
1512 2931 1862 2993 ἐναποθέμενοι.
1904 2930 1945 2979 οἱ
1983 2930 2034 2979 δὲ
2068 2927 2288 2991 Ῥωμαῖοι
2309 2928 2685 2991 πεπλησιακοτες

381 3024 474 3079 τοῖς
513 3022 671 3079 Γέταις
709 3020 866 3090 (τοῦτο
905 3021 994 3086 γὰρ
1035 3023 1131 3078 τοῖς
1170 3018 1415 3086 βαρβάροις
1454 3021 1505 3068 το
1532 3018 1836 3086 πρεσβύτερον
1876 3017 2040 3086 ὄνομα)
2065 3018 2149 3068 οὒκ
2171 3019 2403 3084 ἐθάρρουν
2426 3016 2686 3083 εἰςχεῖρας

381 3112 558 3162 ἐλθεῖν·
601 3110 827 3160 ἐδεδίεσαν
866 3109 955 3175 γὰρ
995 3109 1052 3158 τὰ
1089 3109 1147 3158 ἐκ
1187 3114 1267 3157 τοῦ
1292 3110 1505 3173 χάρακος
1539 3109 1663 3157 κατὰ
1688 3112 1780 3157 τῶν
1817 3109 1966 3157 ἵππων
2005 3108 2090 3156 ὑπο
2114 3111 2204 3156 τῶν
2229 3105 2472 3173 βαρβάρων
2497 3103 2688 3156 ἀκόντια

381 3202 716 3267 προερχόμενα.
758 3201 780 3246 ὃ
823 3199 968 3248 τοίνυν
1020 3197 1194 3247 τούτων
1237 3197 1492 3247 ἐπιστατῶν
1538 3193 1872 3266 (Ἀλέξανδρος
1920 3196 2067 3258 ὄνομα
2105 3192 2248 3262 αὐτῷ)
2288 3199 2346 3261 τῇ
2384 3194 2559 3260 πατρίῳ
2597 3198 2687 3243 τῶν

382 3287 620 3352 Ῥωμαίων
659 3292 784 3355 φωνῇ
825 3290 920 3346 τοῖς
960 3284 1204 3347 Ῥωμαίοις
1243 3285 1543 3335 ἐνεκελεύετο
1582 3281 1598 3354 Η
1636 3284 1862 3348 ἀποβῆναι
1900 3290 1991 3335 τῶν
2028 3286 2176 3334 ἵππων
2217 3281 2296 3333 καὶ
2335 3283 2687 3346 κατασυστάδην

343 3420 348 3427 .
384 3384 475 3429 τῶν
520 3371 796 3440 Υπολεμικῶν
849 3377 1068 3426 κινδύνων
1109 3376 1409 3440 ἐφάπτεσθαι.
1451 3375 1566 3440 ἀτὰρ
1607 3374 1647 3423 οἱ
1685 3371 1906 3436 Ῥωμαῖοι
1944 3371 2200 3434 ἀποβάντες
2239 3377 2330 3423 τῶν
2369 3374 2517 3421 ἰ’ππων
2544 3389 2690 3438 προσ-

385 3468 591 3533 ομιλοῦσι
644 3466 710 3531 τῷ
756 3467 926 3533 χάρακι
970 3465 1178 3514 ἐδίδοσάν
1216 3482 1267 3514 τε
1307 3463 1385 3512 καὶ
1433 3461 1787 3525 ἀντελάμβανον
1827 3462 1911 3521 τὰς
1950 3462 2196 3524 ἐκπομπὰς
2251 3465 2342 3510 τῶν
2394 3459 2564 3521 βελῶν.
2606 3465 2690 3522 τῆς

385 3556 543 3623 μάχης
583 3561 820 3620 τοιγαροῦν
877 3554 1147 3620 διαρκούσης
1201 3554 1401 3620 ἑκατέρᾳ
1453 3552 1652 3614 δυνάμει.
1705 3548 1933 3612 Ῥωμαῖός
1983 3568 2049 3610 τις
2113 3549 2380 3612 εἷσεπήδησε
2441 3546 2520 3598 καὶ
2571 3546 2690 3607 ἀνεὶς

386 3646 458 3697 ἐπὶ
509 3650 612 3708 μιᾶς
659 3643 871 3704 ἐπιβαίνει
909 3641 1089 3706 ἁμάξης
1129 3644 1448 3704 συνηνωμένης
1489 3640 1555 3706 τῷ
1593 3642 1762 3706 χάρακι
1799 3637 1876 3688 καὶ
1912 3640 2289 3705 περιφρουρούσης
2342 3638 2394 3687 τ“ο
2442 3636 2689 3703 βάρβαρον,

385 3732 485 3785 εἶτα
531 3734 644 3792 στὰς
694 3731 767 3782 ἐπὶ
804 3734 973 3795 ταύτης
1013 3732 1079 3797 τῷ
1119 3729 1228 3796 ξίφει
1265 3731 1370 3789 τοὺς
1394 3731 1731 3792 πλησιάζοντας
1757 3730 1926 3779 ἐ’παιεν.
1946 3728 2119 3793 γίνεται
2144 3727 2290 3777 τοίνυν
2315 3730 2411 3786 τοῖς
2446 3724 2692 3792 βαρβάροις

386 3821 708 3887 ἀμεθόδευτον
748 3822 800 3870 τ“ο
840 3822 1003 3870 κακόν·
1032 3820 1205 3869 ’λύουσι
1241 3819 1331 3885 γὰρ
1370 3819 1591 3868 ἐντεῦθεν
1619 3818 1659 3867 οἱ
1699 3817 1918 3879 Ῥωμαῖοι
1954 3821 2046 3866 τῶν
2085 3815 2328 3883 βαρβάρων
2366 3816 2445 3864 τον
2483 3815 2689 3880 χάρακα.

387 3914 428 3962 οἱ
467 3913 515 3961 δὲ
555 3908 774 3976 βάρβαροι
823 3908 1126 3974 ἀπειρηκότες
1181 3910 1260 3957 τοῦ
1314 3909 1545 3965 σώζεσθαι
1594 3906 1677 3966 τὴν
1730 3905 1966 3954 ἐπίλοιπον
2019 3909 2103 3968 τῆς
2157 3903 2477 3970 αἰχμαλωσίας
2531 3905 2692 3968 μοῖραν

389 4001 690 4065 ἀπέσφαττον.
743 3998 783 4046 οἱ
823 3998 873 4046 δὲ
911 3995 1130 4059 Ῥωμαῖοι
1167 3996 1410 4062 ἐγκρατῶς
1466 3995 1731 4056 ἐπιθέμενοι
1781 3994 1863 4057 ὀψέ
1917 4011 2003 4043 που
2041 3991 2120 4042 καὶ
2160 3993 2297 4055 μόλις
2334 3992 2442 4051 τοὺς
2478 3988 2582 4056 περὶ
2613 3990 2692 4039 τον

389 4092 578 4155 χάρακα
602 4086 856 4153 βαρβάρους
882 4086 1170 4138 ἀπέκτειναν.
1201 4085 1390 4151 δευτέρα
1429 4084 1480 4133 δὲ
1517 4084 1683 4149 ἡμέρα,
1721 4072 1799 4131 καὶ
1837 4082 1878 4131 οἱ
1914 4084 2210 4144 νενικηκότες
2248 4081 2313 4146 τῷ
2351 4079 2596 4147 στρατηγῷ
2636 4078 2694 4127 τὰ

392 4177 742 4241 συγκυρήσαντα
781 4172 1041 4241 διεξῄεισαν.
1083 4176 1336 4236 πεμπταῖος
1377 4173 1428 4221 δὲ
1483 4173 1506 4219 ἑ
1535 4171 1793 4237 στρατηγὶς
1820 4170 1941 4219 κατὰ
1968 4177 2131 4219 τοῦτον
2160 4171 2238 4219 τον
2263 4174 2419 4235 χῶρον
2443 4169 2692 4233 γενόμενος
