2872 4504
1241 229 1309 283 St.
1333 243 1435 282 324.
2406 241 2489 282 357

181 410 238 463 bi
278 417 535 464 namesto
574 410 738 479 njega
777 413 893 467 kdo
931 415 1075 482 drug
1129 414 1443 480 nadaljeval
1492 412 1826 482 apostolsko
1877 412 2006 466 delo
2053 413 2175 465 med
2216 411 2494 469 Slovenci.

180 497 267 553 Na
308 498 604 553 Karolovo
642 501 956 571 vprasanJ'e,
995 503 1109 556 ako
1149 505 1189 556 li
1228 519 1408 571 pozna
1458 502 1682 570 kakega
1735 501 2090 569 sposobnega
2128 500 2300 569 moia,
2341 502 2400 554 ki
2439 503 2499 555 bi

180 587 373 655 mogel
411 603 442 640 z
481 588 751 656 uspehom
793 591 960 644 delati
1002 592 1125 644 med
1166 590 1408 645 reeenim
1448 589 1750 657 ljudstvom
1789 596 1873 642 ter
1895 604 1967 656 ga
1990 589 2183 664 'voditi,
2220 590 2496 656 odgovori

178 675 447 746 nadskof,
486 677 556 729 da
596 692 665 730 ve
703 693 769 730 za
808 677 1013 746 takega
1053 677 1307 733 oloveka.
1346 678 1494 732 Nato
1530 678 1585 745 J'e
1623 678 1779 731 Arno
1816 692 1891 746 po
1923 675 2049 743 ielji
2075 676 2498 745 frankovskega

179 762 371 830 kralJ’a
423 766 665 832 posvetil
719 765 1155 820 Teodorika
1211 783 1275 820 za
1321 766 1503 836 skofa,
1542 766 1809 834 katerega
1848 771 1932 819 sta
1971 770 2156 833 potem
2195 765 2501 833 nadskof¹J

178 851 237 905 in
290 853 425 919 grof
469 850 734 923 Gerold²)
786 854 1080 924 pripelJ'ala
1132 871 1168 907 v
1207 853 1632 924 Slovenijo,
1685 852 2029 922 priporooila
2083 868 2154 920 ga
2212 854 2499 907 ondotnim

178 939 490 994 knezom
531 947 615 994 ter
653 957 744 995 mu
772 957 807 994 v
838 942 1221 1009 oskrbovanje
1252 942 1483 996 izrooila
1523 941 2016 1008 Karantanijo
2055 941 2112 994 in
2152 940 2501 1007 sosednje

178 1027 602 1096 pokrajine
651 1045 723 1082 na
773 1032 996 1085 severni
1050 1032 1226 1085 strani
1281 1031 1519 1084 Drave
1571 1033 1643 1084 do
1693 1030 1928 1098 nienega
1966 1030 2132 1083 izliva
2172 1045 2210 1082 v
2248 1029 2500 1084 Donavo.

177 1115 339 1171 Novi
379 1117 518 1171 skof
547 1117 603 1184 J'e
641 1119 796 1172 dobil
835 1120 1032 1186 oblast,
1086 1122 1156 1173 da
1193 1119 1247 1186 J'e
1286 1135 1359 1188 po
1399 1119 1585 1173 redeni
1632 1119 1816 1186 zemlji
1856 1135 1885 1173 s
1924 1119 2220 1187 pridigami
2267 1119 2323 1171 in
2362 1120 2501 1187 pod-

178 1204 283 1260 uce
297 1205 515 1273 vanjem
554 1207 703 1259 delal
743 1223 780 1260 v
819 1207 1003 1262 korist
1054 1208 1433 1276 slovenskega
1478 1208 1736 1277 ljudstva,
1775 1206 2114 1275 posveoeval
2153 1205 2502 1276 postavljene

177 1294 409 1365 oerkve‚
447 1295 749 1362 nastavljal
789 1297 1045 1352 masnike
1083 1303 1168 1351 ter
1207 1298 1370 1366 sploh
1397 1297 1590 1351 skrbel
1617 1313 1682 1350 za
1710 1295 1875 1363 boiJ'o
1903 1296 2100 1350 sluibo
2133 1296 2287 1366 tak0,
2313 1296 2501 1350 kakor

179 1399 216 1436 v
255 1389 366 1437 tem
405 1385 560 1437 oziru
602 1385 981 1453 predpisujejo
1021 1385 1337 1440 kanonione
1398 1391 1644 1454 postave.
1695 1384 1917 1439 Vendar
1952 1384 2007 1452 je
2047 1385 2223 1439 moral
2264 1385 2499 1453 priznati

179 1472 559 1540 solnograske
599 1473 875 1528 nadskofe
913 1490 978 1527 za
1017 1475 1176 1541 svoje
1218 1474 1360 1540 visje
1399 1475 1679 1528 oerkvene
1729 1472 1973 1542 pastirje.
2022 1472 2135 1528 Vse
2174 1479 2232 1527 to
2267 1472 2322 1538 je
2361 1472 2500 1528 skof

177 1560 470 1615 Teodorik
514 1561 809 1633 izvrseval,
846 1563 1051 1628 dokler
1085 1563 1141 1630 je
1183 1564 1259 1616 bil
1299 1563 1403 1616 iiv.

357 1689 691 1747 'Conversio
715 1695 858 1761 Bag.
889 1701 948 1748 et
973 1696 1211 1750 Carant.
1244 1713 1284 1749 c.
1311 1697 1342 1746 8
1383 1695 1526 1766 (MG.
1555 1695 1657 1754 SS„
1700 1695 1787 1758 XI,
1839 1693 1945 1765 10):
1992 1696 2094 1765 „Et
2133 1696 2253 1746 inde
2294 1696 2497 1746 rediens

181 1786 455 1834 nunciavit
494 1787 796 1851 imperatori
817 1782 858 1854 ³)
899 1786 1046 1853 quod
1087 1803 1278 1852 magna
1321 1787 1511 1836 utilitas
1555 1786 1621 1835 ibi
1663 1788 1921 1851 potuisset
1949 1783 2099 1850 effici,
2141 1788 2181 1834 si
2225 1787 2341 1853 quis
2378 1786 2497 1833 inde

179 1871 450 1923 habuisset
489 1883 770 1927 certamen.
809 1873 965 1924 Tunc
1007 1877 1342 1943 interrogavit
1382 1875 1531 1923 illum
1559 1876 1858 1941 imperator,
1901 1875 1942 1922 si
1966 1875 2194 1941 aliquem
2236 1873 2504 1923 habuisset

180 1962 596 2012 ecclesiasticum
638 1964 831 2025 virum,
873 1966 963 2031 qui
1006 1964 1074 2013 ibi
1115 1963 1323 2013 lucrum
1365 1966 1623 2029 potuisset
1663 1979 1812 2029 agere
1855 1962 1986 2015 Deo,
2051 1962 2119 2012 Et
2158 1962 2241 2012 ille
2282 1962 2409 2014 dixit
2447 1978 2500 2011 se

181 2049 374 2101 habere
415 2051 592 2120 talem,
633 2054 723 2119 qui
767 2052 879 2101 Deo
923 2054 1216 2118 placuisset,
1262 2064 1312 2102 et
1352 2054 1422 2102 illi
1450 2053 1656 2119 populo
1684 2061 1863 2118 pastor
1886 2049 1994 2100 fieri
2029 2054 2303 2118 potuisset.
2345 2050 2501 2101 Tunc

181 2143 328 2190 iussu
371 2142 700 2207 imperatoris
744 2142 1014 2191 ordinatus
1072 2153 1147 2191 est
1187 2141 1508 2191 Deodericus
1561 2143 1841 2207 episcopus
1883 2142 1946 2190 ab
1987 2143 2202 2190 Arnone
2244 2139 2498 2205 archiepi-

180 2244 346 2295 scopo
388 2228 781 2289 Iuvavensium;
824 2247 987 2298 quem
1029 2233 1138 2296 ipse
1178 2230 1287 2282 Arn
1330 2240 1380 2280 et
1411 2229 1674 2279 Geroldus
1709 2246 1887 2278 comes
1913 2230 2257 2296 perducentes
2285 2232 2334 2277 in
2363 2227 2500 2278 Scla-

181 2319 395 2386 viniam‚
435 2318 692 2368 dederunt
732 2321 783 2367 in
824 2335 1014 2368 manus
1043 2322 1360 2386 principum,
1389 2318 1822 2368 commendantes
1849 2319 1919 2366 illi
1948 2320 2199 2384 episcopo
2230 2320 2500 2383 regionem

183 2401 606 2455 Carantanorum
667 2418 716 2456 et
769 2405 1003 2457 confines
1055 2423 1242 2457 eorum
1297 2408 1603 2457 occidentali
1652 2419 1795 2473 parte
1835 2401 1995 2457 Dravi
2037 2405 2288 2470 fluminis,
2330 2423 2497 2475 usque

181 2493 315 2543 dum
359 2493 562 2544 Dravus
603 2493 718 2545 fluit
757 2498 809 2544 in
851 2513 1060 2544 amnem
1108 2495 1351 2556 Danubii,
1403 2506 1460 2546 ut
1502 2498 1811 2561 potestative
1859 2495 2124 2561 populum
2165 2501 2363 2562 regeret
2402 2511 2497 2544 sua

183 2583 586 2652 praedicatione,
627 2594 677 2633 et
717 2586 1016 2652 euangelica
1074 2585 1308 2634 doctrina
1364 2585 1575 2634 doceret
1628 2586 1816 2633 servire
1872 2583 2004 2652 Deo,
2062 2595 2111 2633 et
2161 2594 2219 2633 ut
2259 2585 2497 2633 ecclesias

182 2682 510 2721 constructas
536 2673 838 2730 dedicasset,
867 2674 1197 2742 presbyteros
1220 2674 1512 2722 ordinando
1543 2675 1910 2730 constituisset,
1937 2682 2219 2740 totumque
2262 2673 2496 2722 ecclesia-

182 2761 372 2809 sticum
416 2758 649 2811 officium
694 2764 745 2811 in
787 2763 885 2811 illis
926 2763 1159 2829 partibus
1200 2773 1360 2828 prout
1411 2764 1694 2811 canonicus
1752 2761 1882 2810 ordo
1932 2764 2166 2827 exposcit
2214 2759 2497 2826 perficeret,

183 2838 608 2899 dominationem
640 2861 690 2900 et
714 2851 1095 2900 subiectionem
1124 2850 1322 2900 habens
1351 2850 1717 2900 Iuvavensium
1748 2860 2027 2902 rectorum.
2072 2849 2232 2899 Sicuti
2270 2850 2353 2898 ille
2380 2847 2499 2898 fecit

184 2937 440 3003 quamdiu
482 2936 652 2990 vixit.“

363 3054 718 3120 Excerptum
764 3059 833 3108 de
872 3056 1229 3108 Karentanis
1271 3055 1413 3124 (MG.
1440 3055 1542 3123 SS„
1580 3055 1670 3125 XI,
1719 3053 1827 3125 14):
1874 3056 2033 3124 „Post
2072 3055 2212 3106 hunc
2252 3055 2342 3126 (sc.
2377 3058 2498 3107 Mo-

184 3141 418 3212 destum)
460 3147 649 3195 missus
694 3155 743 3194 et
784 3156 1114 3195 consecratus
1145 3156 1219 3195 est
1243 3144 1611 3194 Theodericus
1640 3147 1920 3211 episcopus
1948 3147 1998 3193 in
2028 3148 2284 3210 presentia
2321 3146 2499 3196 Karoli

186 3232 519 3297 imperatoris
561 3234 624 3282 ab
664 3232 890 3284 Arnone
932 3231 1376 3300 archiepiscopof‘

358 3364 496 3416 Vita
538 3365 865 3417 Gebehardi
914 3367 1169 3430 archiep.
1199 3372 1257 3417 et
1295 3381 1472 3430 succ„
1515 3382 1554 3417 c.
1587 3366 1634 3433 6⁴
1658 3364 1800 3435 (MG.
1832 3365 1934 3425 SS„
1963 3365 2051 3432 XI,
2086 3364 2195 3434 38):
2245 3366 2402 3430 „Item
2433 3367 2495 3416 ab

185 3455 402 3501 Arnone
443 3456 616 3520 primo
661 3453 1057 3520 archiepiscopo
1100 3453 1466 3504 Theodericus
1508 3456 1786 3520 episcopus
1828 3455 1918 3523 (sc.
1946 3455 2172 3520 prelatus
2200 3466 2275 3503 est
2302 3455 2498 3503 Karen-

181 3538 393 3608 tanis).“

370 3760 399 3816 ¹)
429 3761 652 3805 Nadskof
679 3763 813 3805 Arno
847 3774 900 3807 se
925 3764 978 3817 je
1009 3762 1202 3817 najbrie
1236 3762 1360 3817 proti
1403 3762 1563 3805 koncu
1605 3761 1698 3805 leta
1731 3761 1980 3808 799.vrni1
2012 3762 2149 3806 skozi
2181 3763 2492 3819 Karantanijo

185 3845 220 3893 v
250 3836 394 3890 svojo
428 3834 702 3880 domovino.

368 3921 402 3974 ²)
436 3923 561 3968 Grof
588 3924 769 3969 Gerold
796 3927 846 3979 je
878 3925 945 3968 bil
978 3925 1083 3968 brat
1114 3923 1416 3979 Hildegarde,
1448 3935 1659 3978 soproge
1689 3923 1843 3979 kralja
1877 3924 2069 3981 Karola,
2102 3930 2173 3968 ter
2193 3925 2254 3969 od
2279 3925 2369 3969 leta
2394 3931 2493 3970 788.

185 3994 350 4051 naprej
383 3997 621 4041 oskrbnik
653 4010 714 4042 na
746 3998 1061 4043 Bavarskem.
1095 3997 1198 4041 Dne
1234 4003 1270 4040 1.
1295 3997 1564 4052 septembra
1598 3997 1690 4040 leta
1725 4002 1822 4043 799.
1849 4009 1906 4041 so
1939 4010 1997 4053 ga
2031 3998 2150 4043 Obri
2183 3999 2308 4042 ubili.

369 4083 401 4139 ⁸)
433 4084 545 4129 Leta
580 4091 678 4132 799.
703 4086 853 4130 Karol
888 4086 1082 4142 (veliki)
1117 4087 1169 4129 §e
1202 4085 1248 4127 ni
1283 4085 1348 4128 bil
1380 4096 1529 4133 cesar,
1553 4086 1706 4129 ternuc
1729 4085 1773 4130 le
1794 4086 1914 4142 kralj
1942 4087 2230 4131 frankovski
2254 4087 2302 4130 in
2327 4087 2493 4141 lango-

187 4155 398 4201 bardski.
