2872 4504
374 204 461 244 320
1426 194 1492 246 St.
1525 206 1627 247 286.

373 378 555 433 kateri
592 394 654 432 se
688 377 745 445 je
783 376 938 444 takoj
991 376 1232 446 poniino
1272 378 1432 446 vrgel
1472 380 1606 446 pred
1651 378 1906 445 oltarJ'em
1943 397 2029 433 na·
2054 381 2131 434 tla
2169 387 2253 435 ter
2291 398 2328 435 v
2366 384 2521 454 dolgi
2559 403 2677 442 mo·

371 467 496 522 litvi
534 467 714 536 prosil
753 466 1008 521 Kristusa
1047 465 1287 534 pomooi.
1325 466 1411 520 Ko
1450 482 1521 535 ga
1557 467 1612 533 je
1650 469 1898 536 patriarh
1936 470 2204 539 zagledal,
2241 486 2302 525 se
2338 471 2393 539 je
2431 460 2678 545 vzdignil

370 572 399 611 s
455 555 687 624 svojega
741 554 940 610 sedeia
998 562 1081 619 ter
1118 570 1189 623 ga
1228 556 1542 623 nagovoril.
1607 556 1693 609 Ko
1739 563 1826 610 sta
1864 557 2024 626 Pipin
2064 558 2121 611 in
2159 558 2332 613 Karol
2370 562 2539 616 mimo
2577 564 2678 634 sla,

371 644 426 711 ie
465 644 710 713 patriarh
752 645 897 697 ostal
936 660 1006 696 na
1045 643 1260 709 svojem
1311 650 1486 698 mestu
1527 650 1610 697 ter
1647 646 1706 698 ni
1746 647 1908 713 odprl
1947 646 2131 713 svojih
2170 656 2274 717 nst,
2313 665 2345 702 a
2384 648 2678 707 Ludovika

368 733 425 801 je
463 734 784 802 pozdravil.v
828 732 913 786 Ko
952 748 1014 785 se
1048 732 1104 798 je
1142 733 1389 800 patriarh
1428 734 1573 786 sesel
1612 749 1641 787 s
1680 733 1917 801 kraljem
1957 735 2238 806 Karolom,
2276 753 2369 791 mu
2402 738 2460 806 je
2497 740 2676 796 rekel:

374 806 488 892 „Ce
522 821 579 888 je
618 822 741 888 Bog
781 821 1170 888 kateregakoli
1209 822 1385 874 izmed
1433 822 1856 891 frankovskega
1894 826 2034 877 rodu
2073 825 2248 879 izbral
2286 841 2352 880 za
2389 827 2588 899 kralja‚
2622 830 2678 898 je

367 910 628 965 Ludovik
680 908 1176 978 najsposobnejsi.‘·
1234 909 1346 964 Vse
1384 917 1443 964 to
1478 909 1535 976 je
1574 912 1751 964 modri
1803 911 1976 966 Karol
2014 915 2238 968 razodel
2277 915 2331 968 le
2368 916 2678 973 nekaterim

366 1001 608 1054 osebam.
2018 1002 2021 1005 '

544 1119 800 1171 Ermoldi
829 1119 1040 1184 Nigelli
1071 1117 1348 1169 Carmina
1381 1119 1441 1168 in
1466 1120 1753 1170 honorem
1780 1120 2112 1173 Hludowici
2139 1123 2225 1175 lib.
2251 1122 2287 1193 1,
2313 1140 2361 1177 v.
2386 1124 2451 1188 56
2460 1126 2674 1189 5--600

368 1208 510 1280 (MG.
533 1209 723 1259 Poetae
762 1209 848 1261 lat.
873 1210 984 1257 aevi
1026 1205 1215 1263 carol„
1259 1206 1317 1274 11,
1356 1224 1407 1273 p.
1439 1222 1524 1266 22,
1568 1205 1673 1277 23.)

539 1391 583 1425 v.
630 1378 750 1438 565.
794 1372 1043 1424 Paulinus
1084 1373 1360 1440 quondam
1403 1402 1464 1409 —
1511 1371 1650 1421 fama
1690 1383 1767 1422 est
1806 1402 1874 1410 —
1916 1373 2201 1439 patriarcha
2245 1376 2504 1444 benignus

787 1462 1012 1513 Venerat
1052 1462 1116 1511 ad
1157 1462 1305 1512 sedes
1345 1477 1464 1528 rege
1505 1463 1716 1511 iubente
1758 1464 1884 1528 piaS.

787 1550 1035 1619 Cumque
1077 1551 1159 1600 die
1200 1551 1427 1618 quadam
1471 1552 1686 1601 ecclesia
1725 1551 1970 1601 resideret
2009 1554 2060 1601 in
2102 1554 2255 1622 alma,

783 1643 1053 1690 Attonitus
1094 1638 1303 1691 Christo
1345 1641 1587 1706 psalleret
1626 1640 1709 1689 ille
1751 1641 1934 1699 melos,

785 1729 1035 1799 Contigit,
1074 1741 1133 1779 ut
1171 1727 1416 1790 Carolus,
1458 1729 1667 1779 soboles
1710 1730 1984 1794 praeclara,
2026 1734 2253 1798 parentis

537 1838 585 1874 v.
631 1835 750 1885 570.
791 1819 957 1870 Oratu
999 1834 1279 1885 procerum
1322 1829 1559 1886 pergeret
1598 1830 1782 1869 auctus
1822 1834 1949 1885 ope;

610 1894 613 1896 v
784 1909 936 1977 Isque
978 1925 1120 1959 aram
1164 1923 1452 1975 properans
1494 1924 1616 1958 cum
1658 1910 1994 1975 processisset
2033 1911 2098 1959 ad
2138 1910 2299 1980 illam,

785 1998 910 2060 Quo
951 2014 1094 2048 sacer
1133 2001 1343 2047 antistes
1372 1999 1553 2047 munia
1594 1997 1749 2064 digna
1790 1998 1960 2054 dabat,

781 2087 1048 2156 Paulinus,
1087 2090 1205 2155 quis
1246 2098 1297 2136 at
1336 2087 1419 2136 ille
1461 2085 1609 2153 foret,
1654 2102 1778 2135 mox
1818 2085 2012 2153 flagitat
2052 2089 2215 2148 ultro;

787 2176 1028 2226 Intendes
1069 2175 1300 2226 famulus
1341 2176 1564 2226 reddidit
1604 2192 1720 2226 orsa
1760 2176 1875 2226 sibi.

540 2284 587 2320 v.
632 2282 752 2335 575.
793 2267 881 2317 Ille
924 2278 981 2317 ut
1020 2268 1529 2333 cognovit-primam
1573 2266 1814 2315 sobolem
1855 2264 1997 2315 hunc
2039 2263 2150 2315 fore
2188 2268 2340 2335 regis,

787 2355 1078 2423 Conticuit3
1120 2366 1369 2421 coeptum
1413 2355 1495 2404 ille
1537 2366 1775 2422 peragrat
1815 2357 1925 2408 iter.

784 2447 1031 2514 Denique
1072 2457 1193 2512 post
1232 2447 1458 2511 spatium
1501 2444 1757 2511 Pippinus
1797 2455 2007 2494 venerat
2046 2443 2201 2495 heros

787 2535 1189 2604 Magnanimum
1234 2537 1487 2608 iuvenum
1528 2550 1650 2585 cum
1692 2536 1975 2584 comitante
2017 2532 2197 2603 choro,

783 2624 1036 2674 Paulinus
1077 2625 1305 2674 celerans
1347 2622 1608 2673 famulum
1650 2623 1935 2690 compellat
1974 2623 2220 2692 eundem,

535 2732 583 2767 v.
632 2714 752 2779 580.
791 2713 858 2763 Et
898 2725 1070 2780 rogat3
1111 2714 1194 2762 ille
1234 2715 1420 2762 iterum
1464 2729 1582 2762 vera
1623 2711 1809 2762 referre
1851 2723 2010 2779 parat.

783 2803 994 2852 Praesul
1035 2814 1092 2852 ut
1131 2805 1344 2869 agnovit
1385 2819 1600 2866 nomen,
1641 2804 1855 2870 regique
1894 2802 2173 2851 recordans

783 2892 911 2942 Mox
951 2903 1109 2958 caput
1149 2893 1418 2941 inclinans:
1462 2893 1629 2957 pergit
1667 2901 1718 2940 at
1757 2891 1841 2940 ille
1882 2891 2031 2942 celer.

787 2981 1017 3032 Ultimus
1059 2997 1176 3031 ecce
1217 2983 1356 3030 venit
1398 2981 1763 3038 Hludowicus‚
1807 2991 1857 3029 et
1897 2982 2042 3029 ocius
2086 2993 2229 3029 aram

784 3072 1123 3138 Amplectens
1164 3071 1386 3136 supplex
1425 3072 1671 3119 sternitur
1709 3079 1866 3137 atque
1907 3069 2040 3121 sole.

535 3178 583 3214 v.
630 3161 752 3225 585.
791 3160 1233 3227 Inlacrimansque
1275 3160 1365 3208 diu
1405 3159 1643 3225 precibus
1684 3159 1933 3224 poscebat
1972 3155 2191 3226 Olympi

782 3249 1109 3317 Regnantem
1150 3247 1438 3315 Christum,
1478 3264 1587 3316 quo
1629 3249 1726 3296 sibi
1770 3246 1923 3296 ferret
1963 3263 2138 3313 opem.

786 3339 906 3388 Hoc
946 3355 1089 3388 sacer
1128 3340 1397 3406 aspiciens,
1436 3338 1559 3386 sella
1599 3353 1652 3387 se
1692 3337 1902 3386 sustulit
1941 3337 2125 3385 ardens
2199 3372 2203 3375 -

787 3426 1102 3493 Conpellare
1142 3428 1351 3476 Sacrum
1392 3443 1515 3476 cum
1555 3428 1745 3492 pietate
1784 3427 1971 3477 virum.

794 3515 972 3567 Antea
1013 3534 1154 3580 nam,
1194 3517 1383 3581 Pippin
1426 3513 1727 3582 Caroloque
1769 3515 2004 3582 abeunte,
2043 3513 2188 3562 sedili

537 3623 583 3659 v.
629 3622 743 3672 590.
783 3607 1046 3674 Haeserat,
1087 3616 1136 3655 et
1175 3606 1330 3655 nullis
1370 3604 1587 3654 vocibus
1628 3619 1745 3653 orsa
1784 3603 1954 3654 dabat.

784 3694 1023 3762 Denique
1064 3710 1151 3743 rex
1189 3704 1362 3743 vatem
1402 3703 1660 3759 prostrato
1703 3708 1923 3758 corpore
1963 3691 2160 3750 adorat,

784 3783 1032 3832 Paulinus
1074 3798 1246 3849 regem
1289 3783 1505 3847 suscipit
1544 3797 1660 3830 ecce
1701 3783 1866 3846 pium.

787 3872 1050 3940 Hymnica
1092 3872 1226 3920 dicta
1266 3871 1407 3919 dedit
1446 3872 1588 3919 vario
1630 3884 1872 3918 sermone
1913 3866 2131 3918 referta:

789 3957 1036 4028 „Perge“,
1079 3963 1163 4028 ait,
1207 3961 1303 4020 „ad
1343 3957 1597 4008 Carolum
1638 3973 1732 4022 pro
1775 3960 1978 4022 pietate.
2025 3955 2197 4008 Vale.“

531 4066 580 4102 v.
625 4064 743 4114 595.
782 4048 1016 4098 Caesaris
1057 4059 1114 4097 ut
1153 4050 1323 4114 primo
1364 4058 1504 4097 vates
1545 4047 1779 4111 pervenit
1817 4046 1882 4094 ad
1922 4061 2119 4106 aurem,

792 4136 990 4187 Ordine
1032 4148 1216 4187 cuncta
1258 4153 1355 4186 suo
1397 4135 1522 4185 haec
1562 4136 1790 4184 recitavit
1830 4137 1891 4183 ei:
