2872 4504
1205 233 1269 289 St.
1289 250 1347 291 90
2367 248 2450 288 109

75 428 82 436 ·
152 411 344 479 Θράκην
368 415 504 464 ἐπιὼν
543 413 789 465 ἀπελαύνει
827 422 918 466 τῶν
942 419 1223 482 Σκλαυηνῶν
1262 421 1319 470 τὰ
1355 421 1546 488 πλήθη,
1585 420 1831 486 ἀφικνεῖται
1870 419 1921 468 δὲ
1961 416 2040 467 καὶ
2077 419 2199 468 κατὰ
2237 421 2316 468 τον
2343 417 2453 486 Ἐρ-

149 502 308 568 γινίαν,
364 503 484 551 οὔτω
521 502 813 566 καλούμενον
851 509 1074 574 ποταμόν,
1116 507 1195 557 καὶ
1234 509 1484 571 ἀδοκήτως
1531 508 1716 567 ἐπιστὰς
1754 510 1850 566 τοῖς
1888 506 2181 570 Σκλαυηνοῖς
2219 514 2451 574 καρτερῶς

148 588 402 638 ἐπιτίθεται
455 587 536 638 καὶ
571 593 781 640 θάνατον
819 592 967 642 πολὺν
1006 598 1099 654 τοῖς
1139 595 1383 663 βαρβάροις
1421 596 1764 662 ἀπεσχεδίασεν.
1805 595 1877 644 διά
1915 611 1986 644 τοι
2023 601 2160 644 τοῦτο
2199 594 2276 644 καὶ
2314 615 2451 662 στρα-
2484 608 2510 664 ξ
2542 615 2584 654 4,

15 735 21 750 ἶ
52 732 57 734 .
147 678 292 742 τηγὸς
331 678 415 727 ὑπὸ
454 684 534 727 τοῦ·
573 679 910 747 αὐτοκράτορος
950 678 1087 742 αὖθις
1124 684 1476 750 χειροτονηθεὶς
1514 683 1859 734 ἀποστέλλεται
1891 681 1971 733 καὶ
1994 680 2270 745 Ῥωμαϊκαῖς
2307 682 2451 744 ἀξίαις

15 760 17 802 Ῐ
147 763 462 830 λαμπρύνεται
486 768 574 828 τήν
611 785 663 817 τε
702 774 782 817 τοῦ
819 772 1085 834 πραισέντου
1124 773 1207 832 τὴν
1231 773 1353 838 παρὰ
1378 770 1622 836 Ῥωμαίοις
1644 772 1908 837 λεγομένην
1931 768 1947 842 ΙΙ
1971 771 2171 820 ἔνοπλον
2197 773 2444 837 ἡγεμονίας
2476 797 2523 841 p.
2542 787 2614 844 53,
2631 785 2657 842 ἓ
2676 788 2720 832 5.

17 834 22 848 ’
147 853 282 915 τιμὴν
320 852 609 921 ἀποφέρεται.
624 854 659 923 ¹)
699 852 797 906 εἶτα
834 860 1032 924 περιόντι
1071 859 1137 924 τῷ
1175 863 1308 927 θέρει
1346 861 1431 920 τὰς
1470 859 1731 924 Ῥωμαϊκὰς
1769 860 2076 926 συναθροίσας
2118 861 2330 923 δυνάμεις
2379 860 2452 911 ἐπὶ

145 941 229 1002 τὴν
267 938 630 1009 Ἀδριανούπολιν
669 945 800 1014 φοιτᾷ
835 944 913 995 καὶ
949 950 1248 1012 συντυγχάνει
1284 946 1578 1015 Ἀρδαγάστῳ
1617 950 1923 1016 ἐπισυρομένῳ
1960 947 2133 1011 πλήθη
2162 949 2450 1013 Σκλαυηνῶν

144 1029 308 1079 πολλὰ
361 1031 508 1097 ἄγρας
545 1050 596 1081 τε
633 1031 949 1098 αἰχμαλώτων
990 1033 1369 1101 ἀξιολογωτάτας
1410 1036 1489 1087 καὶ
1525 1036 1659 1096 λείας
1707 1038 1943 1104 λαμπράς·
1986 1037 2359 1104 διανυκτερεύσας
2398 1055 2450 1087 τε
2517 1065 2525 1072 ·

145 1117 335 1185 ὄρθριος
371 1115 464 1183 ἧκε
501 1120 696 1183 πλησίον
720 1119 912 1172 Ἀνσίνου
933 1119 974 1191 ²)
1014 1131 1091 1172 τοῦ
1111 1126 1316 1192 φρουρίου
1357 1124 1437 1175 καὶ
1471 1131 1688 1191 γεννικῶς
1726 1129 1820 1185 τοῖς
1845 1124 2091 1192 βαρβάροις
2118 1127 2444 1188 συμπλέκεται.

143 1207 197 1256 τὸ
237 1207 288 1256 δὲ
325 1208 548 1271 πολέμιον
585 1211 792 1276 πρύμναν
832 1229 883 1261 τε
923 1212 1176 1278 ἐκρούσατο
1217 1212 1297 1262 καὶ
1323 1215 1372 1273 ἐς
1395 1215 1540 1279 φυγὴν
1566 1212 1795 1274 ἐξωθεῖτο
1837 1211 1916 1263 καὶ
1953 1218 2036 1276 τῆς
2062 1211 2281 1277 Ἀστικῆς
2306 1214 2445 1277 αὐτῆς
2478 1216 2504 1272 ἓ
2536 1218 2578 1262 6.

143 1294 464 1364 ἀπελαύνεται,
501 1298 679 1360 λευκήν
718 1317 768 1348 τε
808 1303 903 1359 τοῖς
942 1299 1260 1365 αἰχμαλώτοις
1297 1304 1475 1369 ἡμέραν
1514 1291 1681 1367 ἀνέσχε
1706 1304 1758 1352 το
1787 1301 2055 1365 Ῥωμαϊκὸν
2082 1300 2444 1369 ἀνδραγάθεμα.

141 1385 166 1432 ὁ
207 1384 259 1434 δὲ
295 1387 551 1451 στρατηγὸς
589 1387 851 1437 ἐπαιώνισεν
890 1388 1104 1438 ἐπινίκιον
1146 1388 1224 1440 καὶ
1262 1392 1478 1457 τρόπαιον
1519 1391 1826 1460 ἐνιδρὺσατο.“

317 1488 512 1541 Photii
553 1491 614 1541 in
653 1490 1162 1556 Theophylactum
1202 1496 1524 1546 summaria
1563 1493 1707 1564 (ibid.
1731 1513 1780 1562 p.
1807 1491 1899 1563 4):
1965 1533 1987 1552 ‚.
2031 1535 2044 1546 .
2086 1534 2097 1545 .
2141 1534 2151 1545 .
2194 1496 2450 1560 στρατηγὸς

143 1576 195 1626 δὲ
232 1575 436 1643 αἱρεθεὶς
474 1578 797 1640 Κομεντίολος
837 1581 964 1630 κατὰ
1001 1581 1295 1643 Σκλαβήνων
1334 1583 1747 1649 ἠνδραγάθ·ησεν.“

315 1666 693 1732 Theophanis
734 1667 1223 1733 chronographia
1278 1673 1343 1719 ad
1396 1689 1439 1720 a.
1469 1672 1611 1739 6076
1653 1670 1732 1741 (=
1774 1668 1900 1739 584)
1941 1670 2063 1742 (rec.
2089 1670 2151 1721 C.
2182 1672 2246 1721 de
2288 1672 2445 1736 Boor,

138 1771 190 1820 p.
220 1751 372 1822 254):
421 1796 443 1818 „
476 1798 488 1809 .
521 1797 532 1809 .
561 1798 572 1809 .
601 1757 627 1810 ὁ
667 1757 718 1806 δὲ
743 1757 965 1821 Χαγάνος
1003 1758 1087 1819 τὴν
1126 1757 1306 1824 εἰρήνην
1346 1759 1553 1809 διαλῦσαι
1592 1760 1722 1827 δόλῳ
1760 1761 1993 1814 ἔσπευδεν.
2035 1761 2088 1810 ‘cb
2128 1760 2217 1826 γὰρ
2243 1760 2450 1809 Σκλαυι-

138 1840 389 1906 νῶνέθνη
427 1844 549 1894 κατὰ
587 1850 670 1908 τῆς
710 1843 897 1912 Θράκης
937 1844 1203 1906 ἐξώπλισεψ
1245 1844 1275 1895 ἅ
1317 1865 1415 1897 τινα
1453 1851 1760 1915 παρεγένοντο
1801 1851 1939 1916 μέχρι
1979 1853 2069 1898 τῶν
2111 1849 2318 1913 Μακρῶν
2358 1867 2447 1898 τει-

135 1933 262 1997 χέων
300 1931 488 1995 πολλὴν
527 1933 699 1983 ἅλωσιν
737 1936 997 1997 ποιούμενα.
1039 1937 1063 1983 ὁ
1104 1936 1154 1985 δὲ
1178 1935 1392 1996 βασιλεὺς
1421 1937 1478 1986 τὰ
1503 1943 1582 1987 τοῦ
1605 1938 1833 1987 παλατίου
1861 1939 2181 2003 στρατεύματα
2201 1934 2447 2002 ἐξαγαγὼν

137 2024 221 2083 τῆς
257 2020 445 2081 πόλεως
483 2020 561 2071 καὶ
598 2023 705 2082 τοὺς
745 2024 918 2086 δήμους
957 2024 1199 2089 φυλάττειν
1239 2025 1297 2074 τὰ
1325 2025 1500 2092 Μακρὰ
1539 2025 1669 2091 τείχη
1710 2026 1976 2089 ἐκέλευσην.
2020 2026 2099 2076 καὶ
2122 2026 2443 2089 Κομεντίολον

136 2111 391 2176 στρατηγὸν
443 2113 774 2177 χειροτονήσας
812 2110 889 2161 καὶ
927 2110 1174 2172 ἐξοπλίσας
1212 2114 1331 2163 κατὰ
1369 2119 1460 2163 τῶν
1500 2113 1741 2181 βαρβάρων
1782 2098 2069 2168 ἀπέστειλεν.
2119 2117 2142 2163 ὁ
2184 2116 2235 2164 δὲ
2275 2115 2446 2176 ἀδοκή-

137 2216 230 2258 τως
276 2201 373 2258 τοῖς
422 2199 667 2267 βαρβάροις
707 2201 931 2251 ἐπιπεσὼν
969 2201 1095 2250 πολὰ
1135 2202 1305 2266 πλήθη
1347 2202 1503 2253 ἀνεῖλε
1543 2202 1622 2253 καὶ
1661 2205 1849 2264 τούτους
1889 2204 2144 2266 ἀπήλασεν.
2186 2206 2447 2270 παραγενέ-

136 2303 275 2350 μενος
329 2288 380 2337 δὲ
426 2289 476 2338 ἐν
513 2286 893 2355 Ἀδριανουπόλει
939 2293 1204 2358 περιέτυχεν
1245 2291 1551 2358 Ἀδραγάστῳ
1599 2293 1770 2356 πλήθη
1810 2293 2078 2342 Σκλαυινῶν
2118 2293 2236 2355 μετὰ
2276 2292 2446 2357 αἰχμα-

133 2376 307 2435 λωσίας
361 2377 679 2444 ἐπιφερομένῳ·
733 2376 812 2428 καὶ
863 2379 1013 2446 τούτῳ
1060 2381 1282 2430 ἐπιπεσὼν
1341 2383 1426 2443 τήν
1481 2399 1534 2431 τε
1584 2379 1906 2447 αἰχμαλωσίαν
1959 2383 2146 2432 διέσωσε
2196 2381 2273 2432 καὶ
2319 2383 2446 2446 νίκην

136 2463 350 2529 μεγάλην
386 2466 740 2532 περιεβάλετο.“

307 2570 608 2629 Anastasii
666 2572 1157 2638 chronographia
1211 2575 1507 2638 tripertita
1561 2573 1720 2647 (Edit.
1763 2573 1824 2624 C.
1868 2575 1932 2625 de
1989 2576 2151 2644 Boor,
2205 2595 2253 2642 p.
2305 2573 2439 2645 155):

139 2653 418 2726 „Secundo
459 2662 662 2726 imperii
704 2664 783 2711 sui
814 2660 902 2731 (sc.
927 2661 1186 2719 Mauricii)
1214 2679 1353 2712 anno
1380 2703 1392 2715 .
1417 2703 1429 2715 .
1457 2706 1466 2715 .
1511 2678 1670 2729 porro
1700 2663 1966 2730 chaganus
1993 2669 2226 2714 Avarum
2254 2681 2436 2731 pacem

135 2747 335 2795 solvere
376 2746 671 2801 festinabat:
714 2767 836 2799 nam
878 2750 1254 2801 Sclavenorum
1297 2762 1475 2818 gentes
1516 2762 1695 2801 contra
1717 2751 1981 2802 Thracem
2024 2756 2259 2812 armavit,
2305 2770 2441 2821 quae

134 2848 482 2899 pervenerunt
524 2855 691 2907 usque
733 2840 798 2889 ad
840 2841 1031 2908 longos
1074 2856 1254 2890 muros
1298 2841 1528 2890 multum
1571 2839 1818 2890 facientes
1846 2842 2125 2895 excidium.
2165 2853 2242 2891 ast
2269 2845 2439 2908 impe-

133 2933 275 2973 rator
324 2926 499 2991 palatii
553 2930 752 2978 eductis
808 2931 1002 2979 militiis
1047 2941 1095 2979 et
1136 2930 1374 2995 plebibus
1417 2946 1442 2978 e
1484 2932 1686 2980 civitate
1726 2930 1917 2996 longos
1963 2947 2143 2980 muros
2186 2932 2442 2981 custodiri

134 3017 396 3080 praecepit
435 3027 485 3065 et
523 3014 924 3067 Comentiolum
967 3019 1155 3068 ducem
1198 3019 1446 3067 ordinans
1487 3029 1538 3068 et
1564 3035 1771 3068 armans
1800 3031 1980 3069 contra
2007 3021 2254 3069 barbaros
2280 3023 2440 3088 misit,

134 3103 224 3168 qui
265 3104 522 3168 insperate
564 3107 614 3154 in
658 3106 903 3157 barbaros
945 3123 1101 3156 ruens
1144 3109 1386 3172 copiosas
1429 3107 1790 3156 multitudines
1834 3107 2089 3158 interfecit
2115 3107 2321 3176 hosque
2349 3126 2438 3174 pe-

132 3191 282 3256 pulit.
339 3207 462 3242 cum
514 3205 688 3244 autem
743 3199 1062 3262 pervenisset
1113 3196 1570 3265 Hadrianopolim,
1626 3199 1851 3247 occurrit
1891 3199 2219 3264 Andragasto
2264 3199 2439 3247 multi-

132 3278 340 3329 tudines
381 3280 755 3333 Sclavenorum
798 3300 922 3334 cum
965 3286 1154 3350 praeda
1195 3285 1406 3334 ducenti
1450 3295 1500 3333 et
1533 3286 1584 3333 in
1613 3283 1754 3335 hunc
1786 3287 1984 3335 irruens
2011 3298 2061 3335 et
2089 3289 2439 3353 captivitatem

132 3369 322 3433 eripuit
360 3379 411 3419 et
449 3372 664 3421 victoria
706 3389 896 3439 magna
937 3374 1151 3422 indutus
1194 3369 1318 3425 est.“

307 3473 570 3527 Historia
585 3477 866 3541 miscella,
888 3478 972 3530 lib.
992 3477 1135 3527 XVII
1153 3476 1370 3546 (Migne‚
1392 3476 1733 3546 patrologiae,
1753 3476 1860 3530 Ser.
1881 3477 1980 3537 lat„
2003 3475 2165 3536 XCV,
2190 3496 2240 3544 p.
2260 3474 2437 3547 1001):

132 3563 325 3629 „Anno
365 3565 597 3614 secundo
640 3567 842 3631 imperii
870 3568 949 3615 sui
978 3566 1070 3633 (sc.
1100 3563 1358 3633 Mauricii)
1383 3607 1392 3617 .
1420 3606 1431 3617 .
1454 3606 1466 3617 .
1512 3564 1674 3615 Porro
1698 3563 1966 3631 Chajanus
1990 3570 2223 3616 Avarum
2251 3583 2433 3633 pacem

131 3649 333 3700 solvere
389 3650 678 3707 festinabat.
735 3654 872 3704 Nam
913 3655 1278 3704 Sclavinorum
1320 3665 1499 3720 gentes
1539 3665 1720 3703 contra
1760 3653 2023 3704 Thracem
2067 3658 2302 3723 armavit,
2342 3656 2433 3721 qui

312 3797 342 3853 ¹)
374 3798 804 3845 praesentum
847 3800 1133 3856 (πραισεντον)
1176 3812 1229 3845 se
1264 3800 1307 3854 ie
1339 3800 1477 3844 zvalo
1510 3800 1862 3857 dostojanstvo‚
1908 3801 2078 3846 katero
2103 3803 2155 3858 je
2186 3802 2439 3858 poveljnik

128 3869 404 3916 Komentiol
436 3873 567 3917 dobil
598 3874 662 3919 od
695 3874 1056 3930 bizantinskega
1101 3877 1285 3929 cesarja
1329 3874 1591 3929 Mavricija.
1640 3874 2074 3920 Praesaentes
2112 3888 2171 3920 so
2218 3888 2271 3920 se
2313 3876 2436 3921 zvali

47 3986 55 3993 ,
125 3943 225 3988 tisti
249 3946 443 4001 vojaski
464 3947 672 4005 oddelki,
703 3948 755 3992 ki
777 3961 835 3993 so
859 3949 1126 4005 spremliali
1149 3948 1377 4003 vladarja‚
1409 3947 1591 3991 skrbeli
1613 3959 1668 3992 za
1689 3949 1898 4004 njegovo
1922 3954 2123 3994 varnost
2145 3955 2218 3994 ter
2240 3963 2321 3993 mu
2352 3949 2436 3993 bili

126 4018 241 4063 tako
272 4020 421 4065 rekoe
451 4021 610 4066 vedno
641 4022 716 4078 pri
746 4022 916 4067 rokah.
948 4022 1259 4077 Predstojnik
1290 4021 1369 4065 teh
1401 4021 1645 4066 oddelkov
1676 4032 1730 4067 se
1746 4023 1799 4078 je
1819 4022 1926 4067 zval
1963 4024 2216 4080 „magister
2235 4024 2437 4084 militum

126 4093 456 4149 praesentum“
493 4095 557 4139 ali
589 4107 650 4151 pa
686 4096 938 4154 ,magister
969 4096 1238 4152 praesentis
1270 4093 1505 4139 militiae“.

312 4165 345 4224 ²)
379 4167 484 4213 Cod
520 4169 673 4214 Vatie.
696 4170 790 4215 ima
827 4169 1091 4228 1,Ἀνοίνου“,
1122 4182 1154 4214 v
1185 4169 1350 4214 raznih
1381 4168 1560 4213 tekstih
1592 4180 1653 4225 pa
1684 4168 1856 4214 eitamo
1893 4170 2154 4229 „’Evotv0u“.
