2872 4504
0 1752 50 2015 “Y-*3⁸8
13 1717 22 1738 ··
15 1698 20 1703 ·
17 1678 30 1686 ²
16 1648 47 1667 4„
12 1623 27 1639 ··

13 2644 27 2658 ‘
12 2550 26 2571 ·“
0 2335 46 2535 '‘ff-:5²³⁴
2 2103 51 2322 ''252392'09
4 2042 44 2095 9·

1387 226 1452 281 St.
1479 240 1551 280 85.
2576 233 2632 274 99

338 417 471 481 legia
524 416 699 463 civitas
755 424 930 472 nostra
985 413 1219 463 funditus
1273 416 1519 463 distructa
1560 423 1635 462 est
1675 422 1726 461 et
1764 419 1944 476 postea
1986 406 2285 457 Gothorum
2329 408 2531 455 incessu
2574 418 2622 455 et

326 512 621 552 ceterorum
667 501 1004 550 barbarorum
1048 513 1258 567 cassata,
1313 505 1397 551 vix
1437 503 1695 568 aspirans;
1750 499 1840 547 sed
1881 507 1931 546 et
1970 511 2110 545 nunc
2152 495 2621 560 Langobardorum

329 588 539 638 infande
566 592 736 655 gentis
762 588 962 656 flagella
999 593 1252 639 sustinere
1293 606 1399 638 non
1442 599 1634 655 potest3
1676 596 1996 655 quapropter
2035 584 2255 649 dignum
2296 584 2438 632 ducit
2479 599 2624 631 man·

330 678 560 727 suetudo
618 689 811 740 nostra,
868 680 908 725 si
965 689 1129 726 vestre
1183 679 1350 743 placet
1403 679 1676 738 sanctitati,
1738 678 1788 724 in
1841 674 1983 723 hunc
2036 683 2261 722 castrum
2304 670 2626 720 Gradensem

331 777 562 816 nostram
620 763 930 814 confirmare
982 768 1351 834 metropolym.
1392 782 1500 833 quo
1543 766 1680 815 dicto
1724 764 1972 813 omnibus
2014 761 2206 827 placuit
2247 762 2521 824 episcopis,
2578 769 2627 807 et

331 853 470 903 facto
526 854 701 902 libello
753 864 940 903 statute
982 871 1089 912 sue,
1145 855 1196 902 id
1237 865 1312 902 est
1351 855 1413 902 de
1457 863 1749 902 memorato
1791 849 2187 900 Calcedonense
2227 847 2433 916 synodo
2477 857 2525 895 et
2573 847 2635 895 de

328 959 389 993 ac
420 945 527 1009 ipsa
558 943 696 1000 sede,
740 943 918 991 subter
958 943 1199 991 manibus
1240 943 1348 991 suis
1389 943 1824 1007 conscripserunt,
1867 939 1917 988 id
1959 948 2034 988 est
2075 939 2277 1004 primus
2308 936 2500 1004 Helyas
2541 953 2631 1001 pa-

314 1029 568 1104 ·triarcha,
608 1031 795 1079 deinde
828 1030 1123 1080 Marcianus
1164 1033 1444 1096 episcopus
1484 1040 1658 1079 sancte
1700 1029 1911 1078 ecclesie
1954 1026 2286 1093 Opetergine,
2328 1025 2628 1073 Leonianus

337 1120 619 1184 episcopus
670 1117 1066 1186 Tyborniensis,
1119 1118 1301 1167 Petrus
1358 1120 1637 1184 episcopus
1677 1117 1934 1185 Altinatis,
1990 1115 2301 1166 Vindemius
2354 1115 2632 1178 episcopus

331 1205 620 1274 Cessensis,
645 1205 920 1272 Bergullus
951 1209 1231 1273 episcopus
1253 1206 1496 1257 Patavine
1527 1207 1754 1264 ecclesie,
1784 1205 2041 1255 Iohannes
2073 1206 2352 1270 episcopus
2376 1202 2635 1272 Celeiane,

332 1294 666 1351 Clarissimus
710 1297 997 1360 episcopus
1029 1293 1453 1354 Concordiensis,
1497 1295 1747 1344 Patricius
1789 1297 2073 1360 episcopus
2108 1293 2440 1353 Emonensis,
2483 1293 2639 1341 Adri-

328 1401 463 1434 anus
504 1387 784 1450 episcopus
825 1383 1077 1443 Polensis,
1125 1383 1418 1433 Maxentius
1462 1386 1743 1450 episcopus
1784 1382 2039 1446 Iuliensis‚
2090 1381 2310 1432 Severus
2353 1384 2632 1448 episcopus

335 1473 643 1540 Tergestine
685 1473 915 1537 ecclesie,
958 1471 1185 1522 Solatius
1226 1475 1508 1538 episcopus
1543 1471 1877 1532 Veronensis,
1921 1470 2179 1521 Iohannes
2221 1473 2500 1536 episcopus
2541 1470 2634 1521 Pa-

340 1564 540 1611 rentine
568 1561 797 1630 ecclesie,
836 1565 1014 1610 Aaron
1052 1564 1330 1628 episcopus
1357 1563 1716 1619 Avonciensis,
1761 1560 2025 1626 Ingenuus
2067 1562 2347 1626 episcopus
2370 1556 2386 1630 H
2413 1561 2639 1609 secunde
2676 1581 2720 1625 p.
2750 1573 2822 1614 71.

333 1650 506 1709 Recie,
533 1650 786 1718 Agnellus
811 1652 1091 1716 episcopus
1119 1649 1443 1714 Tridentine,
1470 1648 1695 1716 Vigilius
1725 1652 2004 1716 episcopus
2033 1647 2454 1708 Scaravaciensis‚
2499 1648 2643 1698 Fon-

341 1740 515 1804 tegius
556 1741 837 1804 episcopus
866 1737 1156 1792 Feltrensis.
1199 1738 1487 1787 Martianus
1529 1741 1807 1805 episcopus
1836 1738 2108 1798 Petenatis,
2152 1738 2464 1788 Laurentius
2505 1755 2644 1805 pres-

337 1827 486 1896 byter
525 1837 574 1875 et
613 1826 847 1875 Marinus
889 1827 1157 1895 presbyter
1198 1838 1355 1894 atque
1402 1825 1644 1875 Emerius
1685 1828 1955 1895 presbyter
1993 1828 2353 1893 provinciales,
2397 1838 2446 1876 et
2486 1832 2639 1878 ceteri

337 1915 624 1984 presbyteri
665 1926 772 1964 tam
827 1917 1217 1981 metropolitani
1270 1933 1539 1984 quamque
1596 1926 1646 1965 et
1684 1916 1914 1982 plebani3
1958 1933 2143 1966 omnes
2185 1919 2264 1965 isti
2305 1920 2641 1985 suprascripti

334 2007 727 2054 consentierunt
767 2014 817 2053 et
857 2007 1035 2053 omnia
1077 2008 1127 2053 in
1170 1997 1358 2054 eodem
1401 2005 1520 2055 loco
1566 2003 2055 2056 confirmaverunt.“

514 2122 855 2174 Chronicon
885 2130 1036 2187 patr.
1063 2124 1255 2188 Aquil.
1281 2123 1536 2187 primum
1557 2122 1786 2189 (Rubeis,
1815 2123 1960 2175 Mon.
1982 2123 2310 2191 eccl.Aquil„
2339 2126 2475 2190 App.
2494 2143 2543 2189 p.
2565 2123 2640 2193 7):

341 2210 528 2271 „Tunc
567 2212 747 2261 Helias
804 2213 867 2261 ab
926 2227 1096 2261 errore
1138 2209 1470 2281 revocatus,¹)
1527 2212 1590 2260 de
1631 2213 1876 2278 praedicti
1919 2229 2086 2278 papae
2127 2212 2319 2278 Pelagii
2362 2229 2641 2281 consensu,

335 2303 516 2367 viginti
558 2303 933 2367 episcoporum
974 2301 1240 2369 synodum
1284 2303 1609 2362 convocavit,
1664 2311 1715 2350 et
1756 2300 2078 2350 Gradensem
2122 2301 2364 2361 insulam,
2409 2319 2544 2370 quae
2586 2314 2644 2353 ut

334 2390 665 2456 praedicitur,
717 2389 869 2440 Nova
909 2391 1184 2456 Aquilegia
1226 2390 1486 2456 appellata
1528 2388 1642 2456 fuit,
1684 2393 1845 2440 totius
1893 2390 2141 2440 Venetiae
2184 2392 2406 2440 instituit
2445 2380 2638 2442 metro-

333 2475 550 2544 polim.“

512 2596 852 2648 Chronicon
879 2602 1028 2661 patr.
1056 2598 1248 2662 Aquil.
1277 2599 1521 2648 alterum
1563 2597 1796 2664 (Rubeis,
1834 2599 1866 2651 l.
1894 2615 1937 2649 c.
1965 2617 2014 2665 p.
2041 2595 2118 2668 9):
2163 2599 2298 2668 „Hic
2325 2597 2414 2670 (sc.
2445 2596 2640 2669 Helias)

332 2687 401 2735 de
452 2687 721 2736 voluntate
778 2687 825 2739 b.
867 2685 1057 2754 Pelagii
1108 2703 1273 2752 papae
1315 2686 1585 2755 synodum
1624 2686 1723 2736 XX
1762 2689 2136 2754 episcoporum
2179 2687 2320 2740 fecit:
2378 2699 2428 2738 et
2467 2689 2536 2737 ibi
2578 2689 2640 2737 de
2723 2724 2725 2728 -

335 2776 607 2825 voluntate
664 2776 911 2843 praedicti
955 2775 1146 2842 Pelagii
1189 2774 1511 2824 Gradensem
1569 2777 1856 2839 ecclesiam,
1910 2794 2044 2845 quae
2085 2794 2223 2827 nova
2266 2779 2542 2846 Aquilegia
2583 2789 2641 2828 ut

331 2864 655 2932 praedictum
699 2875 775 2913 est
815 2864 1073 2930 appellata
1115 2862 1228 2922 fuit,
1272 2866 1437 2913 totius
1480 2863 1726 2914 Venetiae
1769 2867 2109 2932 metropolim
2151 2865 2460 2919 ordinavit.“

509 2969 764 3020 Danduli
807 2968 1164 3027 Chronicon,
1207 2969 1294 3023 lib.
1323 2967 1399 3037 Vl,
1440 2985 1481 3018 c.
1523 2985 1564 3032 1,
1608 2984 1725 3034 pars
1761 2986 1821 3019 10
1866 2969 2139 3039 (Muratori
2183 2969 2365 3037 Script.
2390 2987 2483 3024 rer.
2515 2971 2636 3041 Ital.,

332 3057 445 3118 XII,
477 3055 591 3127 98):
641 3101 663 3122 „
689 3058 1040 3110 ...consultu
1084 3068 1133 3106 et
1173 3058 1380 3106 decreto
1412 3057 1602 3124 Pelagii
1644 3074 1809 3124 papae
1852 3058 1894 3108 11
1940 3062 2313 3127 episcoporum
2356 3062 2638 3111 concilium

329 3147 612 3197 celebravit
651 3145 739 3217 (sc.
769 3147 968 3209 Helias)
1013 3149 1060 3195 in
1106 3148 1216 3212 ipsa
1258 3147 1470 3195 ecclesia
1511 3157 1717 3196 sanctae
1759 3147 2104 3214 Euphemiae,
2160 3167 2336 3217 quam,
2397 3151 2640 3200 translata

328 3237 467 3304 sede,
506 3238 671 3286 totius
714 3234 963 3285 Venetiae
1006 3245 1056 3285 et
1096 3235 1269 3284 Istriae
1312 3237 1655 3302 metropolim
1681 3239 1999 3287 ‘auctoritate
2042 3239 2215 3305 papali
2257 3239 2321 3288 de
2363 3240 2633 3290 voluntate

329 3325 521 3394 synodi
560 3324 934 3374 instituendam
976 3327 1270 3391 proposuit,
1315 3337 1473 3390 prout
1512 3341 1572 3374 ex
1613 3324 1966 3392 infrascriptae
2011 3330 2399 3378 constitutionis
2440 3338 2638 3397 tenore,

331 3430 512 3482 quam,
565 3425 624 3463 ut
663 3416 921 3463 nascentis
964 3414 1206 3462 ecclesiae
1247 3414 1469 3481 dignitas
1510 3415 1652 3479 apud
1693 3425 1932 3479 posteros
1974 3418 2331 3467 memorabilis
2371 3418 2636 3487 habeatur,

327 3505 465 3553 sicut
490 3506 539 3552 in
570 3502 881 3553 authenticis
923 3514 972 3551 et
1012 3505 1375 3551 vetustissimis
1417 3503 1686 3552 codicibus
1727 3506 2032 3569 reperimus,
2075 3507 2404 3573 singulariter
2443 3508 2630 3558 descri-

333 3591 568 3642 bemuS.“
614 3622 686 3629 —
725 3591 933 3662 (Potem
975 3591 1102 3639 sledi
1143 3593 1351 3640 sinodin
1394 3588 1665 3660 zapisnik.)

512 3738 544 3794 ²)
575 3739 624 3782 Iz
670 3738 826 3794 pisem
873 3740 1051 3795 papeia
1094 3738 1308 3793 Pelagija
1339 3737 1399 3782 11.
1423 3737 1484 3781 do
1518 3737 1814 3794 gradeskega
1846 3739 2088 3795 patriarha
2120 3741 2279 3797 Helija
2314 3744 2367 3797 je
2405 3743 2634 3788 razvidno

325 3809 407 3866 (gl.
432 3811 490 3856 st.
516 3817 588 3868 92,
620 3818 675 3859 93
698 3812 747 3856 in
779 3817 870 3870 94),
902 3812 961 3856 da
977 3814 1029 3867 je
1061 3811 1127 3855 bil
1148 3817 1196 3856 ta
1221 3811 1274 3855 se
1295 3810 1388 3855 leta
1410 3814 1510 3856 585.
1538 3811 1662 3856 vdan
1684 3812 2028 3859 razkolnistvu.
2061 3815 2122 3859 Ni
2154 3827 2263 3860 nam
2295 3828 2463 3873 znano,
2496 3817 2554 3861 da
2586 3818 2634 3863 bi

328 3884 396 3929 bil
427 3885 537 3941 kdaj
572 3885 806 3942 preklical
841 3887 984 3941 svojo
1016 3891 1188 3930 zmoto.
