2872 4504
392 259 447 298 84
1417 243 1484 299 St.
1508 259 1578 311 78,
1610 260 1685 312 79,
1718 260 1788 299 80.

567 431 697 484 Ibid,
721 449 837 497 pars
887 434 963 484 18.
1002 430 1119 501 (l.·c.
1149 450 1198 497 p.
1239 429 1388 500 103):
1436 431 1562 493 „Hic
1602 432 1888 498 patriarcha
1927 435 2187 500 templum
2228 436 2500 502 quoddam
2526 454 2684 504 paga-

391 536 582 570 norum
636 523 687 569 in
739 520 1000 570 honorem
1054 519 1235 569 Bethel
1288 523 1339 568 in
1396 522 1646 587 contiguo
1702 521 1852 570 litore
1907 524 2158 571 situatum
2215 524 2265 571 in
2306 527 2685 575 monasterium

389 609 681 674 puellarum
739 610 836 659 sub
876 612 1036 658 sancti
1091 608 1225 657 Petri
1267 609 1492 674 apostoli
1533 610 1788 658 vocabulo
1829 591 2219 669 transmutavit;
2261 621 2311 660 et
2350 628 2458 661 non
2499 614 2684 677 procul

388 700 439 745 in
479 700 646 746 vicina
699 698 867 746 insula
922 699 1302 746 monasterium
1364 696 1751 746 monachorum
1807 700 1857 745 in
1909 697 2171 747 honorem
2231 709 2436 748 sanctae
2490 700 2687 749 Mariae

388 788 684 848 construxit,
737 786 824 835 ubi
885 787 980 835 sibi
1022 785 1307 834 revelatum
1350 783 1535 853 fuerat,
1583 786 1730 852 quod
1768 785 2071 835 Barbanum
2112 787 2406 855 appellavit,
2445 790 2567 855 quia
2609 791 2685 837 vir

388 872 673 924 catholicus
712 873 982 923 Barbanus
1022 875 1254 927 nomine.
1298 875 1390 940 qui
1431 889 1552 922 cum
1593 872 1857 923 Tarilesso
1899 876 2043 923 socio
2073 891 2170 923 suo
2200 875 2263 923 de
2293 874 2531 925 Tarvisio
2563 877 2688 926 illuc

388 961 746 1030 confugerant,
789 965 1102 1012 constitutus
1145 962 1214 1010 ibi
1254 964 1428 1028 primo
1471 962 1628 1011 abbas
1670 960 1818 1014 fuit.“

562 1050 704 1111 Ibid.,
746 1067 862 1117 pars
906 1065 988 1103 22.
1028 1047 1082 1118 (l.
1110 1066 1151 1102 c.
1177 1067 1227 1116 p.
1263 1045 1403 1118 103):
1448 1049 1689 1119 „Eodem
1714 1061 1952 1115 tempore
1977 1047 2064 1119 (sc.
2094 1067 2137 1103 a.
2173 1049 2298 1119 586)
2327 1051 2503 1101 Helias
2531 1069 2682 1102 vene-

384 1141 556 1190 rabilis
611 1138 896 1204 patriarcha
948 1140 1133 1204 elapsis
1186 1139 1249 1188 ab
1310 1140 1709 1188 intronizatione
1765 1155 1859 1187 sua
1914 1141 2062 1189 annis
2115 1139 2252 1204 XIV,
2307 1142 2574 1190 mensibus
2616 1140 2685 1210 X,

384 1230 566 1279 diebus
604 1227 724 1277 XXI
765 1228 904 1277 diem
945 1244 1104 1277 suum
1145 1227 1329 1276 clausit
1354 1238 1662 1291 extremum,
1706 1229 1831 1277 etin
1862 1227 2077 1277 ecclesia
2100 1239 2306 1278 sanctae
2334 1227 2681 1298 Euphemiae,

385 1334 544 1385 quam
589 1319 697 1384 ipse
738 1326 1111 1381 construxerat,
1152 1316 1387 1382 sepultus
1429 1320 1553 1367 est.“

1393 1479 1502 1566 st.
1549 1497 1668 1566 79.

562 1610 783 1667 Nekako
825 1608 942 1665 med
985 1607 1097 1666 573
1138 1607 1189 1664 in
1230 1607 1364 1665 583.

559 1700 638 1752 Po
678 1698 834 1752 smrti
873 1697 1361 1765 langobardskega
1402 1696 1584 1763 kralja
1610 1697 1794 1751 Klef-a
1816 1696 1854 1763 ¹)
1895 1712 1961 1751 so
2002 1697 2100 1750 bili
2139 1695 2492 1764 Langobardi
2530 1699 2689 1751 deset

380 1788 456 1841 let
495 1789 623 1840 brez
662 1785 895 1853 kraljev.
936 1785 1338 1853 Gospodovalo
1359 1784 1458 1852 jim
1481 1785 1538 1852 je
1564 1784 1635 1839 35
1661 1785 1960 1855 vojvodov,
1998 1785 2175 1838 izmed
2216 1785 2434 1838 katerih
2455 1784 2510 1851 je
2535 1785 2686 1839 vsak

380 1877 509 1929 imel
548 1875 712 1942 svojo
752 1873 1064 1943 pokrajino.
1104 1874 1269 1928 Tako
1304 1873 1361 1939 je
1400 1891 1450 1928 n.
1475 1890 1556 1942 pr.
1581 1874 1825 1941 vojvoda
1864 1874 1999 1928 Gis
2023 1874 2146 1927 ulf
2181 1874 2366 1927 vladal
2406 1889 2479 1942 po
2518 1874 2684 1928 Fur-

379 1963 724 2018 lanskem.
762 1963 833 2017 Ti
872 1962 1100 2029 vojvodi
1125 1979 1191 2016 so
1231 1963 1424 2031 plenili
1463 1978 1537 2031 po
1576 1962 1927 2033 (katoliskih)
1954 1962 2216 2032 oerkvah,
2257 1962 2440 2015 morili
2464 1963 2682 2016 duhov-

379 2052 527 2121 nike,
579 2052 839 2106 razdirali
878 2058 1066 2120 mesta,
1119 2050 1352 2119 pobijali
1390 2052 1709 2119 prebivaloe
1748 2058 1831 2104 ter
1870 2052 1980 2119 pod
2022 2049 2184 2117 svojo
2224 2051 2407 2104 oblast
2447 2051 2683 2122 spravili

380 2140 578 2196 vedino
618 2139 810 2210 Italije,
863 2140 1097 2193 kolikor
1150 2141 1199 2193 si
1235 2139 1290 2206 ie
1329 2138 1393 2193 ie
1432 2141 1489 2193 ni
1528 2141 1734 2194 Alboin
1774 2141 2062 2208 podvrgel.
2116 2140 2172 2193 Iz
2213 2138 2587 2206 koristolovja
2623 2139 2683 2207 je

380 2232 495 2284 bilo
517 2245 722 2298 mnogo
749 2229 1067 2297 plemenitih
1095 2229 1411 2295 Rimljanov
1450 2227 1798 2296 umorjenih3
1838 2230 2000 2297 drugi
2040 2244 2110 2297 pa
2148 2244 2215 2282 so
2255 2228 2352 2281 bili
2392 2230 2515 2281 med
2543 2227 2684 2282 Lan-

379 2322 625 2388 gobarde
652 2316 949 2384 razdeljeni
978 2318 1129 2386 tak0,
1149 2320 1218 2370 da
1243 2333 1309 2372 so
1344 2317 1444 2384 jim
1485 2319 1682 2371 morali
1707 2318 1876 2384 dajati
1903 2317 2128 2384 tretjino
2155 2316 2341 2383 svojih
2366 2315 2686 2385 pridelkov.

554 2409 720 2460 Pauli
762 2409 991 2459 diaconi
1034 2407 1295 2459 Historia
1335 2407 1606 2476 Langob.,
1648 2407 1707 2476 11,
1732 2424 1772 2460 c.
1799 2423 1861 2473 32
1886 2405 2028 2477 (MG.
2054 2406 2142 2458 SS.
2166 2422 2261 2457 rer.
2285 2407 2537 2477 Langob.,
2565 2406 2683 2476 9o):

381 2498 540 2564 „Post
581 2500 728 2548 cuius
771 2498 861 2567 (sc.
902 2494 1094 2565 Cleph)
1135 2508 1359 2547 mortem
1402 2497 1733 2564 Langobardi
1776 2513 1868 2564 per
1907 2514 2074 2547 annos
2114 2497 2295 2546 decem
2337 2513 2514 2565 regem
2556 2514 2684 2561 non,

377 2587 643 2651 habentes,
684 2587 780 2635 sub
804 2587 1025 2635 ducibus
1055 2584 1279 2638 fuerunt.
1323 2585 1700 2654 Unusquisque
1730 2589 1868 2635 enim
1898 2587 2096 2636 ducum
2123 2603 2273 2635 suam
2303 2588 2563 2637 civitatem
2592 2588 2684 2637 ob-

378 2677 600 2726 tinebat:
628 2675 802 2724 Zaban
827 2673 1093 2727 Ticinum.
1119 2673 1338 2724 Wallari
1375 2674 1711 2744 Bergamum,
1731 2674 1926 2725 Alichis
1950 2674 2201 2733 Brexiam,
2239 2673 2376 2725 Eoin
2400 2674 2681 2725 Trientum

379 2763 614 2815 Gisulfus
667 2763 978 2816 Forumiuli.
1037 2763 1138 2813 Sed
1179 2775 1228 2814 et
1267 2766 1351 2813 alii
1394 2776 1532 2814 extra
1587 2763 1683 2814 hos
1726 2767 1774 2813 in
1818 2766 1925 2813 suis
1982 2765 2198 2814 urbibus
2251 2760 2459 2828 triginta
2515 2764 2678 2814 duces

377 2853 603 2906 fuerunt.
659 2853 751 2902 His
793 2853 976 2902 diebus
1019 2853 1168 2902 multi
1212 2853 1476 2903 nobilium
1518 2853 1889 2903 Romanorum
1930 2855 1998 2903 ob
2041 2852 2381 2919 cupiditatem
2424 2851 2678 2903 interfecti

374 2954 511 2996 sunt.
561 2942 769 3010 Reliqui
809 2958 931 2992 vero
974 2957 1066 3007 per
1104 2941 1335 3007 hospites
1376 2943 1541 3010 divisi,
1597 2954 1654 2992 ut
1693 2945 1906 2992 terciam
1948 2954 2149 3008 partem
2198 2957 2412 2991 suarum
2456 2940 2672 3009 frugum

377 3032 735 3099 Langobardis
787 3032 1156 3098 persolverent,
1215 3033 1466 3081 tributarii
1525 3029 1844 3084 efficiuntur.
1901 3030 1996 3080 Per
2048 3029 2146 3080 hos
2202 3030 2678 3097 Langobardorum

377 3123 551 3180 duces,
594 3123 819 3187 septimo
861 3137 1000 3170 anno
1043 3121 1106 3170 ab
1136 3120 1363 3170 adventu
1390 3116 1632 3189 Alboin²)
1674 3131 1723 3170 et
1753 3123 1914 3170 totius
1942 3121 2124 3186 gentis,
2166 3120 2401 3186 spoliatis
2427 3119 2678 3178 ecclesiis,

376 3211 737 3260 sacerdotibus
779 3208 1073 3270 interfectis,
1124 3210 1416 3259 civitatibus
1457 3210 1686 3259 subrutis
1728 3211 2064 3278 populisque,
2122 3211 2212 3276 qui
2256 3224 2402 3258 more
2442 3218 2682 3276 segetum

378 3308 723 3365 excreverant,
784 3301 1033 3366 extinctis,
1091 3301 1315 3365 exceptis
1375 3297 1453 3347 his
1494 3301 1796 3364 regionibus
1837 3315 1967 3366 quas
2010 3299 2203 3348 Alboi'n
2254 3308 2475 3364 ceperat,
2538 3295 2685 3346 Italia

378 3404 439 3437 ex
478 3389 704 3436 maxima
745 3398 887 3453 parte
930 3397 1078 3453 capta
1119 3398 1168 3437 et
1208 3404 1236 3437 a
1277 3387 1636 3454 Langobardis
1677 3387 1952 3453 subiugata
1994 3393 2115 3439 est.“

1382 3553 1491 3638 St„
1547 3570 1683 3638 80.

558 3665 673 3722 Med
714 3665 1083 3737 574—578.⁸)

553 3754 891 3809 Malamoski
915 3754 1058 3809 doid
1083 3755 1218 3808 Beat
1255 3771 1316 3809 se
1352 3754 1408 3822 je
1445 3755 1657 3823 napotil
1695 3769 1726 3806 z
1765 3753 2094 3806 nekaterimi
2133 3752 2338 3806 tribuni
2378 3752 2435 3804 in
2475 3751 2685 3820 pleme-

376 3842 542 3897 nitasi
582 3843 622 3894 k
662 3843 965 3897 rimskemu
1004 3843 1216 3912 papeia
1244 3843 1555 3898 Benediktu
1582 3841 1663 3914 (Ι.)
1684 3847 1768 3896 ter
1805 3857 1878 3910 ga
1918 3841 2110 3911 prosil,
2148 3842 2218 3894 da
2258 3841 2313 3894 bi
2352 3838 2675 3909 povzdignil

558 3958 589 4016 ¹)
621 3960 719 4005 Cfr.
770 3960 910 4004 Marii
940 3961 1156 4005 Aventic.
1183 3960 1422 4007 Chronica
1452 3961 1512 4005 ad
1543 3971 1585 4005 a.
1608 3963 1710 4005 573.

557 4031 591 4089 ’)
621 4033 695 4077 To
719 4035 772 4089 je
803 4034 898 4078 leta
931 4037 1032 4079 574.

555 4105 588 4163 ⁸)
626 4107 779 4163 Papez
810 4107 1044 4153 Benedikt
1074 4109 1109 4153 Ι.
1135 4111 1188 4165 je
1218 4108 1287 4153 bil
1317 4109 1560 4165 posvecen
1591 4106 1683 4152 dne
1714 4105 1929 4162 3.Junija
1959 4105 2055 4151 leta
2089 4108 2212 4162 574.;
2256 4102 2485 4162 pokopali
2516 4113 2578 4159 pa
2617 4113 2681 4146 so

380 4193 440 4236 ga
474 4179 565 4226 dne
596 4181 827 4236 31.julija
857 4181 951 4226 leta
982 4185 1083 4227 578.
