2872 4504
390 248 446 286 82
1447 230 1515 285 ἐι,
1542 246 1611 286 78.

387 419 776 468 multitudinem
832 422 1026 486 proprii
1083 420 1270 467 eodem
1325 421 1703 469 monasterium
1759 434 1850 484 per
1896 422 2122 469 ventanii
2146 418 2188 488 ¹)
2227 433 2533 488 preceptum
2571 424 2674 472 lar-

387 510 548 573 gium,
602 523 693 572 per
743 519 910 573 partes
965 506 1253 556 monachos
1302 509 1354 555 in
1394 506 1497 556 hoc
1540 510 1915 556 monasterium
1957 520 2206 573 ceperunt
2245 527 2298 558 se
2340 526 2668 576 congregare.

388 594 662 645 Concessit
714 606 887 644 autem
944 596 1121 643 Helias
1170 594 1456 658 patriarcha
1508 597 1893 644 monasterium
1934 595 2171 646 Barbanu
2212 599 2403 663 apelari
2442 601 2676 658 nomine,

389 686 510 751 quia
562 687 795 750 primum
852 683 949 734 fuit
987 683 1230 735 Venecie.
1287 682 1434 732 Foris
1487 698 1667 732 muros
1717 685 1934 732 civitatis
1983 682 2261 734 edifficavit
2299 689 2405 735 sive
2446 686 2684 738 fundavit

386 773 598 822 ecclesia
640 788 795 837 parva
836 773 900 821 ad
947 771 1204 821 honorem
1258 774 1418 820 sancti
1463 770 1566 821 Viti
1609 773 1859 830 martiris;
1914 772 1980 820 ad
2020 773 2254 822 medium
2296 786 2470 823 autem
2510 776 2681 825 littore

384 876 540 926 supra
580 861 761 909 eadem
804 862 1061 910 civitatem
1103 861 1164 909 ab
1206 862 1493 926 antiquitus
1534 860 1747 908 ecclesia
1791 876 1948 925 parva
1987 858 2085 909 fuit
2124 861 2296 911 dedita
2324 863 2387 911 ad
2416 862 2676 913 honorem

383 951 542 998 sancti
595 948 786 998 Menne
827 951 1062 1000 martiris,
1106 947 1394 1014 Templum
1438 963 1782 1012 paganorum,
1840 949 1987 1015 quod
2027 949 2092 997 ad
2132 948 2290 998 Behel
2330 951 2549 1018 ydolum
2593 953 2683 1001 ali·

383 1038 693 1104 quantulum
737 1048 843 1086 erat
881 1047 1104 1085 stantem
1147 1053 1255 1085 non
1296 1036 1455 1102 longe
1501 1037 1565 1084 ab
1594 1037 1870 1103 Aquilegia
1899 1038 2158 1086 destructa
2186 1040 2403 1097 civitate,
2448 1040 2680 1090 mirabile

384 1123 482 1174 fuit
519 1124 742 1175 habente
782 1126 999 1190 lapideis
1038 1125 1226 1173 tabulis
1267 1127 1375 1172 sive
1415 1125 1676 1189 lapidibus
1719 1127 1982 1193 preciosis,
2021 1127 2150 1174 mira
2192 1141 2270 1174 res
2312 1125 2537 1188 edifficii,
2579 1145 2682 1196 que

383 1231 411 1263 a
450 1215 720 1262 sevissimo
761 1214 900 1262 Atila
940 1213 1198 1262 destructa
1239 1211 1351 1264 fuit.
1392 1213 1569 1262 Helias
1614 1212 1901 1278 patriarcha
1941 1213 2090 1262 illum
2116 1215 2377 1280 templum
2397 1216 2684 1284 ydolorum

383 1303 594 1352 ecclesia
653 1300 933 1350 edifficavit
982 1302 1046 1350 ad
1100 1300 1302 1350 honore
1353 1303 1514 1351 sancti
1571 1301 1760 1350 Juliani
1810 1303 2030 1350 martiris
2070 1302 2241 1352 littore
2280 1304 2534 1362 secundo,
2575 1321 2680 1372 que

381 1400 480 1439 stat
503 1405 660 1456 supra
687 1390 831 1439 littus
862 1392 1024 1439 sancti
1055 1389 1204 1440 Petri.
1246 1389 1624 1439 Monasterium
1655 1399 1732 1438 est
1757 1391 2101 1439 constitutum
2128 1393 2179 1438 in
2206 1407 2270 1440 eo
2297 1392 2434 1441 litus.
2462 1392 2680 1459 Propter

381 1479 526 1547 quod
576 1481 669 1528 iter
689 1474 731 1544 ²)
793 1476 969 1527 forum
1023 1476 1255 1527 fusteum
1278 1477 1321 1544 ⁸)
1379 1487 1486 1527 erat
1538 1487 1778 1545 stantem,
1833 1478 2117 1527 altitudinis
2160 1495 2347 1545 magne
2387 1478 2690 1550 habentem,

380 1566 592 1617 Anforis
631 1568 753 1617 litus
794 1569 1057 1632 apelatur;
1099 1577 1241 1615 tenet
1280 1567 1497 1615 miliaria
1523 1576 1658 1633 tres;
1699 1568 1809 1615 rivo
1836 1564 2055 1616 confinit
2071 1563 2112 1636 ²)
2142 1568 2396 1621 medium,
2438 1567 2685 1619 Tercium

381 1658 551 1706 littore
590 1658 759 1717 venit3
798 1655 971 1704 Budes
1012 1655 1261 1721 apelatur.
1302 1654 1400 1704 Iter
1439 1653 1538 1704 fuit
1578 1656 1794 1704 civitatis
1836 1666 2092 1714 castrum;
2142 1656 2535 1706 multitudinem
2577 1674 2677 1723 po-

381 1745 491 1810 puli
532 1744 889 1793 diversitatum
934 1745 985 1792 in
1028 1759 1092 1792 eo
1133 1743 1402 1793 castellum
1447 1741 1660 1792 fuerunt
1698 1742 2015 1802 habitantes;
2058 1746 2253 1793 crocias
2268 1739 2310 1813 ⁵)
2350 1759 2442 1811 per
2469 1745 2683 1796 illorum

381 1830 572 1902 usali⁶)
616 1833 947 1882 consuetudo
989 1849 1115 1899 gens
1157 1834 1395 1881 universe
1437 1834 1489 1880 in
1533 1832 1773 1881 manibus
1815 1830 2025 1882 fuerunt
2063 1843 2346 1899 portantes.
2390 1832 2553 1894 Quod
2591 1837 2687 1885 toti

381 1924 432 1970 in
474 1939 641 1980 unum
683 1923 746 1971 ad
787 1922 1064 1989 Aquilegia
1104 1923 1318 1988 antiqua
1360 1922 1563 1970 civitate
1604 1932 1874 1989 venerunt,
1913 1932 2030 1970 ante
2073 1923 2198 1970 item
2239 1923 2455 1972 civitatis
2479 1933 2687 1989 portam

379 2021 513 2061 totas
553 2013 764 2073 ctociaS,
806 2010 953 2078 quod
995 2013 1045 2058 in
1089 2009 1331 2059 manibus
1373 2019 1638 2075 portantes
1680 2020 1846 2067 erunt,
1890 2011 1983 2058 iter
2026 2010 2375 2075 ponebantur,
2418 2021 2468 2060 et
2495 2013 2680 2078 populi

380 2102 702 2149 introeuntes
747 2110 891 2148 erant
932 2101 982 2146 in
1025 2100 1313 2160 civitatem3
1368 2099 1796 2147 existimabantur
1836 2114 2038 2157 omnes,
2095 2108 2154 2148 ut
2193 2097 2351 2148 karris
2393 2100 2684 2150 multitudo

380 2189 489 2238 illas
541 2190 735 2238 crocias
783 2198 990 2254 portare
1040 2203 1150 2236 non
1201 2197 1503 2253 potuerunt.
1553 2185 1709 2235 Illum
1764 2187 1947 2235 eadem
2010 2187 2281 2236 castellum
2334 2204 2364 2237 a
2411 2189 2684 2238 sevissimo

378 2278 531 2345 Atila‚
571 2276 1008 2326 nefandissimum
1048 2292 1333 2343 paganum,
1375 2276 1696 2325 destructum
1740 2273 1840 2324 fuit
1879 2286 1930 2325 et
1975 2277 2271 2343 incensum3
2325 2286 2374 2325 et
2413 2286 2523 2326 tota
2562 2292 2689 2343 gens

379 2365 633 2416 interfecit
673 2382 701 2415 a
743 2367 940 2414 maiore
982 2381 1150 2431 usque
1192 2365 1257 2413 ad
1298 2366 1530 2412 minore:
1575 2365 1642 2412 ita
1683 2364 1859 2412 nullus
1901 2366 2164 2414 remansit.
2207 2363 2286 2414 Eo
2314 2374 2491 2414 autem
2517 2365 2688 2415 littore

381 2466 522 2505 tenet
561 2455 787 2504 miliario
831 2470 955 2505 uno.
996 2453 1194 2502 Littore
1235 2453 1382 2520 quod
1424 2454 1582 2501 istum
1626 2463 1701 2502 est
1721 2462 1945 2502 stantem
1974 2468 2132 2518 supra
2158 2455 2227 2502 ita
2253 2453 2490 2503 similiter
2509 2453 2682 2504 Budes

377 2546 626 2610 apelatur.
668 2543 801 2593 Item
842 2543 1019 2592 Helias
1058 2540 1347 2609 patriarcha
1388 2542 1604 2591 ecclesia
1645 2540 1884 2591 fundavit
1923 2542 1988 2590 ad
2028 2541 2231 2591 honore
2271 2544 2438 2592 sancti
2479 2542 2687 2592 Andree

378 2634 602 2699 apostoli
645 2634 822 2700 ibique
864 2633 1244 2680 monasterium
1308 2631 1587 2696 puelarum
1628 2632 1912 2683 constituit.
1955 2629 2036 2680 Eo
2077 2631 2248 2680 littore
2291 2641 2432 2681 tenet
2474 2632 2694 2681 miliaria

377 2739 481 2772 sex.
522 2722 681 2772 Hunc
717 2719 832 2771 finit
867 2727 1129 2787 portum.“

571 2811 697 2862 lbid.
740 2810 792 2880 (l.
828 2826 868 2862 c.
901 2828 950 2876 p.
998 2807 1105 2877 16):
1153 2808 1284 2878 „Per
1323 2810 1681 2875 Augustinum
1730 2818 1780 2857 et
1827 2807 2134 2859 Romanurn
2173 2809 2464 2877 generabile
2514 2812 2688 2860 conci-

377 2901 509 2950 lium
555 2900 852 2950 secundum
894 2902 1272 2948 canonicorum
1315 2899 1553 2948 ordinem
1595 2898 1789 2947 electus
1830 2909 1880 2947 et
1921 2898 2190 2948 ordinatus
2231 2915 2260 2947 a
2301 2895 2683 2948 Constantino-

386 2989 622 3054 politano
674 2986 922 3055 pontifice
978 2999 1028 3037 et
1077 3003 1295 3037 suorum
1353 2989 1726 3053 episcoporum
1776 2997 1827 3036 et
1878 2987 1942 3036 ad
1985 2986 2288 3036 Romanum
2348 2987 2694 3037 universalem

382 3075 691 3143 pontificem
750 3087 799 3126 et
852 3077 918 3126 ad
957 3092 1179 3126 suorum
1221 3078 1595 3142 episcoporum
1615 3071 1656 3143 ⁷)
1696 3076 1947 3126 dominus
1990 3076 2172 3125 Helias
2215 3074 2496 3125 Gradensis
2537 3078 2692 3142 patri-

384 3165 553 3232 archa,
607 3178 656 3215 et
708 3181 929 3215 suorum
979 3167 1172 3230 posteri
1230 3163 1516 3231 patriarche
1557 3179 1648 3230 per
1687 3166 1906 3214 nomina
1946 3175 1996 3214 et
2037 3165 2278 3214 ordinem
2318 3167 2424 3214 sive
2466 3180 2558 3231 per
2596 3181 2691 3214 na-

383 3257 593 3305 cionem
635 3254 719 3304 hic
759 3257 947 3320 scripta
986 3265 1123 3305 sunt.

556 3344 734 3392 Helias
788 3342 977 3392 dehinc
1029 3341 1315 3409 patriarcha
1355 3344 1544 3392 tercius
1584 3342 1823 3391 eamdem
1873 3341 2196 3393 Gradensem
2237 3343 2519 3410 regendam
2557 3359 2675 3392 sus-

379 3434 514 3497 cepit
565 3432 852 3483 ecclesiam.
902 3430 1021 3480 Fuit
1061 3433 1279 3481 nacione
1322 3429 1641 3490 Grecorum;
1684 3434 1774 3498 qui
1815 3434 1938 3481 vixit
1977 3448 2058 3483 an.
2107 3446 2170 3496 14
2211 3443 2260 3481 et
2300 3448 2437 3484 men.
2486 3428 2595 3484 ro.“

567 3562 599 3619 ¹)
630 3559 852 3607 Morebiti
883 3562 932 3606 bi
963 3568 1013 3606 tu
1046 3562 1236 3606 moralo
1268 3562 1380 3606 stati
1415 3561 1672 3611 „ventarii“
1705 3562 1768 3606 ali
1799 3574 1860 3618 pa
1896 3562 2151 3619 „venteni.“

563 3635 596 3690 ²)
630 3635 780 3691 „Iter“
814 3636 929 3691 stoji
959 3642 1011 3679 tu
1044 3637 1211 3680 morda
1243 3648 1298 3679 za
1334 3635 1525 3691 „inter“.

564 3707 597 3764 ⁸)
629 3709 859 3754 Fusteum
901 3729 935 3745 =
979 3710 1189 3765 ligneum
1219 3709 1406 3765 (lesen).

563 3782 599 3836 ⁴)
632 3783 842 3827 Confinit
875 3803 928 3818 =
961 3784 1243 3828 terminatur
1273 3783 1341 3838 (je
1373 3781 1591 3838 omejen).

563 3855 596 3912 ⁶)
629 3856 699 3899 Po
732 3857 908 3911 razlagi
939 3871 972 3901 v
1004 3857 1115 3902 MG.
1139 3856 1222 3902 SS.
1245 3857 1274 3899 l.
1298 3868 1337 3901 c.
1359 3858 1582 3912 pomenja
1609 3855 1843 3913 „crocias“
1866 3856 2034 3914 palice,
2080 3858 2132 3902 ki
2153 3857 2299 3914 imajo
2320 3858 2515 3914 podob)
2537 3857 2686 3910 kriia‚

378 3929 446 3972 ali
478 3940 540 3984 pa
572 3930 792 3973 morebiti
823 3930 924 3974 tudi
954 3930 1100 3974 kriie.

562 4003 594 4055 ⁰)
632 4002 816 4059 „Usali“
854 4005 968 4059 stOJi
998 4009 1049 4047 tu
1080 4017 1135 4049 za
1172 4002 1401 4061 „usuali“.

557 4077 593 4128 7)
625 4076 796 4120 Noben
839 4078 960 4132 drug
1006 4078 1082 4123 vir
1127 4091 1186 4123 ne
1218 4081 1423 4136 omenja,
1471 4079 1531 4122 da
1561 4078 1611 4122 bi
1641 4077 1710 4122 bil
1739 4078 1899 4134 Helija
1929 4090 2010 4123 res
2039 4091 2102 4123 na
2132 4084 2179 4123 ta
2211 4079 2350 4124 naein
2380 4078 2590 4134 izvoljen
2635 4078 2684 4122 in

378 4151 636 4208 posvecen,
667 4150 828 4194 kakor
858 4162 911 4195 se
942 4156 994 4195 tu
1024 4153 1222 4207 poroca.
