2872 4504
1220 308 1285 365 St.
1320 324 1420 376 133,
1457 324 1554 364 134.
1639 380 1642 383 ‚
2447 320 2531 359 173

227 494 566 560 ζωγρηθέντων
606 491 820 558 Ἀβάρων
858 482 1132 563 τρισχιλίων,
1186 497 1351 546 ἄλλων
1406 497 1455 546 δὲ
1501 494 1743 562 βαρβάρων
1797 491 2191 559 τετρακισχιλίων,
2247 491 2327 542 καὶ
2366 495 2534 558 ἑτέρων

227 581 459 647 δισχιλίων
501 580 579 631 καὶ
617 581 874 646 διακοσίων,
915 582 991 632 καὶ
1030 585 1316 647 Σκλαβήνων
1355 583 1579 651 χιλιάδων
1619 584 1760 633 ὀκτώ·
1801 578 1852 641 ἐξ
1891 577 1954 630 ὧν
1991 582 2014 628 ὁ
2039 581 2263 645 Χαγάνος
2293 581 2534 643 ἀπατήσας

226 672 307 720 τδν
345 671 668 736 αὒτοκροίτορα
707 670 813 729 τοὺς
852 672 1185 736 ζωγρηθέντας
1225 673 1455 740 Ἀβάρους
1495 669 1773 733 ἀνέλαβεν.“

404 759 782 823 Theophanis
823 758 1311 826 Chronographia
1351 763 1417 811 ad
1457 779 1499 814 a.
1538 760 1611 814 M.
1655 759 1794 825 6093
1838 755 1918 828 (=
1960 757 2056 806 601
2108 774 2135 806 a
2195 753 2344 824 Chr.)
2385 756 2533 827 (Rec.

228 846 289 899 C.
316 848 380 896 de
420 847 577 915 Boor,
617 865 667 914 p.
701 843 849 914 282):
892 887 923 914 „
964 849 987 895 ὁ
1029 849 1079 897 δὲ
1117 850 1339 914 Χαγσίνος
1379 849 1517 899 πάλιν
1558 850 1770 912 δυνάμεις
1810 846 2118 912 συναθροίσας
2143 844 2214 894 ἐπὶ
2241 846 2320 894 τον
2348 843 2534 912 Ἴστρον

226 937 537 1003 παραγίνεται·
577 933 654 985 καὶ
691 935 1009 998 συμβαλόντες
1048 937 1257 1001 πόλεμον
1296 939 1526 1000 ἡττῶνται
1567 938 1607 987 οἱ
1645 935 1866 1004 βάρβαροι
1914 933 1993 984 καὶ
2048 933 2111 993 εἷς
2151 919 2208 983 τὰ
2250 935 2412 1000 ῥεῖθρα
2452 940 2534 984 τοῦ

226 1031 435 1087 ποταμοῦ
486 1025 823 1089 ἀποπνίγονται.
861 1026 1229 1076 συναπόλλυνται
1285 1027 1334 1076 δὲ
1385 1028 1564 1086 τούτοις
1618 1024 1696 1076 καὶ
1734 1022 1985 1075 Σκλαυινοὶ
2038 1023 2225 1094 πολλοί.
2267 1026 2442 1082 ζῶντας
2484 1024 2535 1072 δὲ

226 1114 483 1180 ἐκράτησαν
521 1110 751 1180 Ἀβάρους
791 1114 874 1176 μὲν
913 1115 1205 1182 τρισχιλίους,
1248 1115 1549 1178 (Σκλαυινοὺς
1590 1115 1641 1164 δὲ
1681 1113 1986 1172 ὀκτακοσίους
2028 1110 2108 1162 καὶ
2131 1113 2362 1175 Γήπαιδας
2407 1130 2529 1179 τρισ-

224 1199 424 1270 χιλίους)
447 1199 485 1270 ¹)
536 1202 793 1261 διακοσίους
845 1200 925 1252 καὶ
982 1202 1239 1270 βαρβάρους
1291 1204 1552 1269 δισχιλίους.
1607 1206 1631 1253 ὁ
1687 1204 1737 1253 δὲ
1761 1203 2007 1273 ,Χαγάνος
2053 1200 2119 1261 εἷς
2158 1202 2411 1266 Μαυρίκιον
2456 1202 2535 1251 τδν

225 1289 418 1352 βασιλέα
455 1289 667 1358 πρέσβεις
705 1289 971 1341 ἀπέστειλεν
1011 1291 1259 1354 ἀναλαβεῖν
1300 1292 1408 1352 τοὺς
1446 1295 1776 1359 ζωγρηθέντας
1815 1294 2110 1357 πειρώμενος.
2153 1292 2176 1339 ὃ
2205 1291 2256 1339 δὲ
2283 1289 2537 1357 Μαυρίκιος

225 1382 363 1443 μήπω
414 1382 585 1443 μαθὼν
631 1381 715 1442 τὴν
766 1385 984 1447 περιφανῆ
1037 1386 1128 1430 τῶν
1169 1378 1410 1445 Ῥωμαίων
1458 1382 1585 1445 νίκην
1639 1383 1800 1448 γράφει
1846 1379 1911 1446 τῷ
1950 1380 2134 1447 Πρίσκῳ
2186 1379 2435 1429 ἀποδοῦναι
2472 1379 2538 1445 τῷ

176 1455 183 1462 ’
226 1469 432 1534 Χαγάνῳ
471 1468 579 1528 τοὺς
616 1465 851 1536 Ἀβάρους
891 1468 971 1519 καὶ
1009 1471 1195 1532 μόνονέέ

403 1559 704 1610 Anastasii
759 1558 1249 1624 Chronograpnia
1305 1560 1618 1625 tripertita.
1682 1557 1801 1628 (Ed.
1847 1556 1908 1608 C.
1954 1557 2018 1606 de
2059 1557 2216 1627 Boor,
2277 1575 2329 1623 p.
2383 1555 2535 1625 174):

235 1646 455 1715 „Mundi
510 1664 650 1696 anno
699 1631 971 1713 VIXCHI,
1016 1647 1222 1697 divinae
1265 1650 1638 1698 incarnationis
1680 1663 1819 1696 anno
1865 1637 2098 1705 DXCIII,
2163 1646 2369 1712 imperii
2412 1661 2536 1695 vero

227 1735 464 1786 Mauricii
494 1753 641 1786 nono
678 1737 885 1787 decimo
930 1753 1070 1786 anno
1102 1775 1113 1785 .
1138 1778 1150 1790 .
1176 1779 1186 1789 .
1211 1736 1475 1804 chaganus
1516 1747 1693 1787 autem
1733 1751 1911 1785 rursus
1952 1735 2309 1802 potentatibus
2351 1750 2536 1784 cumu-

225 1827 341 1875 latis
368 1827 510 1876 venit
530 1826 595 1875 ad
617 1826 873 1895 Histrum,
914 1836 964 1875 et
988 1828 1116 1875 inito
1160 1827 1297 1876 bello
1342 1828 1541 1876 barbari
1582 1835 1896 1893 superantur
1935 1835 1983 1874 et
2024 1826 2075 1873 in
2117 1826 2287 1874 amnis
2327 1823 2539 1873 fluentis

228 1925 495 1973 necantur,
555 1925 885 1982 pereuntque
946 1916 1104 1964 simul
1169 1931 1288 1965 cum
1353 1913 1431 1964 his
1494 1925 1544 1964 et
1584 1915 1797 1980 plurimi
1839 1930 2058 1982 quoque
2100 1912 2345 1963 Sclavini:
2388 1914 2536 1962 vivos

232 2014 404 2054 autem
454 2005 799 2070 optinuerunt
841 2006 1077 2053 Avarum
1117 2004 1333 2071 quidem
1376 2007 1470 2053 tria
1512 2005 1672 2062 milia,
1731 2002 2000 2054 Sclavinos
2040 2018 2164 2052 vero
2209 2004 2539 2069 octingentos

226 2103 278 2142 et
317 2091 583 2158 Gipedurn
626 2094 723 2142 tria
764 2092 909 2142 milia
949 2093 1222 2162 ducentos,
1262 2109 1358 2143 nec
1399 2109 1507 2142 non
1549 2103 1599 2142 et
1639 2092 1748 2142 duo
1791 2076 1932 2141 milia
1974 2092 2332 2143 barbarorum.
2373 2106 2532 2158 porro

226 2180 491 2247 chaganus
549 2181 613 2230 ad
655 2181 970 2231 Mauricium
1029 2184 1400 2247 imperatorem
1461 2182 1660 2250 legatos
1703 2183 1841 2231 misit
1875 2191 2062 2247 ‘captos
2103 2182 2331 2246 recipere
2373 2182 2538 2233 nisus,

229 2280 280 2319 at
331 2270 416 2319 ille
456 2271 699 2320 nondum
742 2280 1013 2338 comperta
1056 2271 1245 2340 inclyta
1286 2269 1662 2322 Romanorum
1702 2271 1918 2320 victoria
1958 2270 2135 2320 scribit
2179 2269 2367 2338 Prisc0,
2427 2285 2535 2336 quo

227 2362 420 2408 Avares
462 2357 697 2427 chagano
738 2360 977 2410 redderet
1015 2357 1271 2413 tantum.“

403 2448 666 2500 Historia
716 2450 999 2513 miscella,
1062 2449 1151 2502 lib.
1204 2448 1349 2499 XVII
1412 2447 1628 2519 (Migne,
1672 2447 2017 2517 Patrologiae‚
2079 2446 2185 2498 Ser.
2230 2448 2331 2507 lat„
2373 2445 2538 2512 XCV,

227 2553 275 2602 p.
312 2534 492 2606 1016):
538 2541 730 2607 „Anno
772 2540 976 2604 imperii
1018 2538 1254 2588 Mauricii
1295 2539 1503 2588 decimo
1545 2554 1726 2589 nono,
1757 2575 1801 2587 ..
1831 2535 2100 2605 Chajanus
2142 2547 2319 2587 autem
2361 2553 2541 2587 rursus

229 2628 585 2692 potentatibus
635 2628 930 2697 cumulatiS‚
978 2629 1122 2678 venit
1162 2627 1229 2676 ad
1270 2627 1478 2697 Istrum,
1525 2637 1576 2676 et
1615 2628 1744 2676 inito
1786 2627 1923 2676 bello
1968 2627 2169 2675 barbari
2209 2637 2539 2693 superantur,

227 2724 279 2764 et
335 2717 385 2764 in
428 2718 598 2766 amnis
639 2715 848 2766 fluentis
889 2726 1158 2775 necantur,
1224 2727 1553 2784 pereuntque
1595 2732 1718 2766 cum
1758 2714 1838 2764 his
1880 2715 2095 2782 plurimi
2137 2731 2355 2782 quoque
2398 2714 2538 2764 Scla-

225 2805 489 2857 vinorum.
529 2805 690 2855 Vivos
713 2817 889 2855 autem
920 2806 1263 2855 obtinuerunt
1288 2808 1522 2854 Avarum
1549 2805 1764 2873 quidem
1807 2806 1901 2855 tria
1943 2804 2123 2866 millia,
2165 2803 2538 2854 Sclavinorurn

227 2908 351 2943 vero
394 2896 743 2961 octingentos,
785 2906 836 2945 et
877 2893 1144 2961 Gepidum
1186 2897 1281 2944 tria
1323 2895 1484 2943 millia
1525 2894 1799 2953 ducentos,
1843 2909 1940 2944 nec
1980 2910 2091 2944 non
2133 2903 2183 2943 et
2221 2893 2330 2943 duo
2372 2893 2539 2942 millia

227 2982 584 3037 barbarorum.
627 2984 788 3035 Porro
815 2982 1084 3052 Chajanus
1114 2985 1178 3033 ad
1200 2986 1572 3050 imperatorem
1599 2983 1912 3033 Mauricium
1940 2983 2139 3050 legatos
2179 2984 2321 3032 misit
2360 2992 2541 3049 captos

226 3074 453 3139 recipere
481 3075 643 3123 nisus.
684 3075 755 3123 At
782 3073 865 3123 ille
893 3074 1134 3124 nondum
1154 3083 1423 3138 comperta
1447 3073 1639 3142 inclyta
1678 3071 2048 3122 Romanorum
2091 3073 2322 3135 victoria,
2363 3071 2541 3120 scribit

228 3160 421 3221 Prisce,
464 3172 523 3211 ut
560 3165 755 3212 Avares
795 3172 1003 3212 tantum
1045 3160 1282 3229 Chajano
1323 3159 1613 3213 redderet“.

1223 3327 1332 3414 st.
1386 3345 1552 3414 134.

405 3441 555 3499 θΙωΙΙ
596 3441 712 3500 601.
989 3491 993 3494 .

406 3531 834 3601 Langobardski
873 3531 1018 3599 kralj
1059 3532 1280 3600 Agilulf
1306 3531 1363 3598 je
1387 3531 1571 3600 poslal
1597 3531 1901 3586 obrskemu
1927 3530 2156 3585 kakanu
2182 3530 2542 3600 rokodelcev,

226 3622 297 3674 da
348 3635 415 3674 so
466 3635 555 3674 mu
611 3621 804 3675 stesali
855 3620 1046 3691 barke,
1099 3621 1169 3675 da
1216 3619 1271 3688 je
1322 3620 1509 3689 mogel
1562 3625 1748 3689 potem
1798 3619 2117 3688 podjarmiti
2155 3619 2288 3673 neki
2326 3619 2466 3674 otok
2505 3634 2542 3672 v

228 3708 454 3776 Traciji.

406 3799 575 3851 Pauli
617 3800 850 3851 diaconi
891 3800 1153 3851 Historia
1192 3799 1465 3864 Langob.,
1509 3798 1593 3858 IV,
1638 3815 1690 3853 c.
1739 3814 1804 3849 20
1844 3797 1987 3869 (MG.
2020 3797 2110 3848 SS.
2153 3814 2248 3851 rer.
2290 3798 2543 3867 Langob.,

237 3886 373 3956 123):
420 3889 573 3957 „Hoc
613 3905 830 3956 quoque
870 3899 1110 3955 tempore
1150 3890 1291 3937 misit
1331 3886 1534 3954 Agilulf
1571 3904 1658 3936 rex
1698 3904 1893 3937 cacano
1935 3890 2040 3950 regi
2083 3890 2378 3937 Avarorum
2421 3889 2538 3937 arti-

228 3974 350 4026 fices
391 3976 456 4026 ad
498 3975 759 4027 faciendas
801 3994 975 4046 naveta,
1030 3993 1152 4026 cum
1195 3976 1388 4044 quibus
1431 3976 1595 4025 isdem
1639 3992 1862 4026 cacanus
1903 3976 2130 4026 insulam
2172 3976 2441 4043 quandam
2486 3978 2538 4024 in

227 4063 451 4116 Thracia
492 4065 858 4133 expugnavit.“

410 4183 442 4239 ι)
474 4183 657 4228 Besede
695 4184 985 4240 ᾖΣκλιπιυιΝοὺις
1017 4184 1067 4225 δὲ
1098 4183 1383 4233 ὀκτακοσίους
1414 4183 1491 4223 καὶ
1521 4182 1744 4236 Γήπαιδας
1773 4180 2055 4236 τρισχιλίους“
2098 4183 2151 4237 je
2182 4179 2416 4236 izdajatelj
2453 4179 2538 4223 do-

231 4255 393 4313 stavil,
424 4256 602 4312 oziraie
633 4268 688 4302 se
719 4269 781 4302 na
812 4256 1010 4302 latinski
1040 4255 1225 4313 prevod
1255 4254 1532 4311 Anastazija
1562 4255 1912 4312 bibliotekarja.
1946 4255 1990 4300 V
2021 4254 2275 4312 rokopisih
2300 4253 2376 4309 jih
2406 4253 2471 4296 ni.
