2872 4504
335 227 420 266 312
1380 207 1434 262 St
1479 222 1581 262 280.

340 403 464 451 bant
504 411 721 466 paratas,
764 401 826 448 de
868 398 1073 447 australi
1128 409 1271 462 parte
1323 397 1387 445 ad
1443 394 1797 462 Chumberch‚
1834 395 1900 443 de
1941 394 2225 462 aquilonali
2266 410 2388 444 vero
2430 397 2541 460 ripa
2582 396 2634 442 in

338 490 458 539 loco
500 491 589 555 qui
631 489 818 538 dicitur
874 486 1069 551 Camp;
1130 488 1202 534 sic
1243 488 1383 533 enim
1438 487 1742 533 nominatur
1781 484 1864 531 ille
1904 482 2095 532 fluvius
2135 485 2224 550 qui
2267 485 2335 531 ibi
2375 481 2545 531 influit
2583 484 2636 530 in

338 577 663 628 Danubium.
703 575 881 642 Itaque
922 578 1116 622 Avares
1158 589 1277 622 cum
1321 589 1382 622 ex
1422 583 1642 639 utraque
1682 573 1823 636 ripae
1874 582 2015 636 parte
2055 572 2303 620 vidissent
2341 574 2636 639 exercitum,

342 676 391 715 et
431 665 644 716 classem
687 679 780 729 per
821 663 1055 711 medium
1086 660 1307 710 fluvium
1334 663 1649 716 venientem,
1676 669 1851 707 tantus
1880 669 2058 726 terror,
2085 658 2196 707 Deo
2225 657 2456 725 faciente,
2483 673 2641 724 super

342 770 431 802 eos
473 753 670 820 cecidit,
711 762 768 800 ut
808 752 1034 799 dimissis
1075 749 1342 815 praesidiis
1384 750 1762 815 munitionum,
1803 746 1956 812 fugae
1997 747 2210 795 latibula
2235 758 2556 814 quaererent,
2589 757 2640 795 et

339 844 411 891 sic
434 839 643 891 Christo
666 840 798 889 duce
818 850 1037 906 uterque
1057 841 1308 887 exercitus
1324 839 1520 903 absque
1537 837 1767 885 laesione
1791 834 2121 884 Pannoniam
2138 836 2382 886 introivit.
2402 833 2642 883 Pervenit

342 940 518 979 autem
545 945 632 978 rex
672 945 839 995 usque
882 928 945 976 ad
986 926 1206 976 fluvium
1250 928 1340 993 qui
1367 926 1652 974 vocabatur
1690 923 1850 982 Raba,
1880 925 2058 972 omnia
2084 923 2343 980 caedibus,
2374 923 2640 980 incendiis,

340 1020 642 1085 rapinisquev
680 1018 968 1075 devastans,
1012 1026 1062 1064 et
1101 1015 1221 1063 inde
1262 1029 1498 1063 reversus
1539 1010 1950 1077 Reganesburgh
1991 1012 2265 1060 celebravit
2307 1012 2376 1060 ibi
2417 1011 2641 1059 natalem

341 1105 573 1164 Domini,
617 1116 666 1154 et
705 1103 896 1171 pascha
936 1101 1219 1155 similiter.“

521 1208 1023 1273 Chronographus
1063 1207 1371 1257 Corbeien.
1400 1205 1464 1253 ad
1505 1221 1549 1256 a.
1573 1220 1681 1270 790
1722 1201 1885 1273 (Jaffa
1930 1202 2056 1254 Bibl.
2082 1217 2174 1254 rer.
2203 1200 2398 1259 Germ„
2442 1199 2476 1259 1,
2518 1203 2648 1265 43):

351 1297 500 1357 „Hoc
542 1314 681 1346 anno
723 1296 897 1346 hostili
939 1297 1243 1362 pergatione
1286 1294 1513 1343 Karolus
1554 1308 1640 1341 rex
1681 1292 2008 1340 Pannoniam
2051 1291 2378 1341 devastavit.“

520 1400 703 1452 Poeta
742 1400 917 1466 Saxo,
959 1417 1001 1451 a.
1030 1415 1154 1466 791,
1194 1399 1279 1450 lib.
1310 1396 1391 1454 111,
1435 1414 1482 1448 V.
1511 1410 1728 1461 50—94
1767 1393 1909 1464 (MG.
1935 1392 2037 1462 SS.,
2078 1392 2113 1456 1,
2157 1389 2306 1460 248):

584 1566 631 1600 v.
663 1563 745 1612 50.
791 1547 926 1607 „Sed
965 1561 1249 1595 numerosa
1292 1546 1447 1593 nimis
1488 1545 1743 1610 quoniam
1786 1542 2103 1609 produxerat
2142 1556 2203 1589 ex
2240 1538 2342 1589 hoc

789 1638 1032 1701 Agmina,
1075 1650 1168 1700 per
1207 1645 1377 1699 partes
1419 1633 1600 1681 eadem
1644 1634 1953 1689 seiunxerat,
1997 1646 2055 1679 ac
2093 1632 2165 1678 sic

790 1724 1134 1792 Pannoniam,
1173 1740 1300 1792 gens
1343 1722 1629 1771 Hunorum
1672 1737 1834 1788 quam
1875 1736 1997 1768 seva
2036 1719 2260 1786 tenebat,

791 1813 1024 1862 Tramite
1065 1814 1344 1862 distantem
1384 1812 1548 1876 longo
1590 1820 1858 1876 penetrare
1899 1810 2095 1874 sategit.

791 1902 947 1953 Tunc
987 1919 1149 1952 unam
1191 1901 1378 1967 populi
1421 1910 1622 1966 partem
1664 1899 1844 1948 comiti
1884 1896 2185 1946 Theodrico

590 2011 635 2045 v.
667 2006 750 2057 55.
791 1995 964 2060 Atque
1006 1989 1358 2058 Magenfrido,
1397 1989 1619 2038 ducibus
1658 1995 1761 2037 noc
1801 1998 2039 2052 tempore
2080 1987 2280 2052 primis,

795 2079 1168 2146 Committens,
1210 2077 1538 2146 aquilonales
1580 2092 1670 2141 per
1710 2074 1942 2125 fluminis
1983 2073 2139 2123 horas

799 2169 1029 2219 Danubii
1071 2171 1336 2235 praecepit
1375 2183 1467 2216 eos
1509 2169 1604 2215 iter
1643 2165 1941 2215 accelerare.

797 2258 910 2326 Ipse
953 2274 1046 2325 per
1086 2257 1323 2307 australis
1364 2255 1612 2306 tendebat
1649 2255 1815 2303 litoris
1855 2268 2007 2319 agros

796 2348 1010 2397 Milibus
1052 2348 1341 2395 innumeris
1381 2347 1603 2410 stipatus
1644 2354 1694 2392 et
1733 2345 1941 2409 agmine
1983 2340 2120 2392 forti.

594 2455 641 2491 v.
667 2438 752 2489 60.
798 2436 852 2486 In
895 2437 1073 2486 medio
1115 2434 1307 2485 fluvius
1349 2436 1550 2484 cunctis
1591 2433 1837 2482 alimenta
1877 2429 2100 2479 vehebat

799 2526 1132 2593 Agminibus,
1175 2526 1308 2590 regis
1349 2525 1587 2587 speciosa
1628 2521 1788 2571 classe
1830 2520 2079 2586 repletus,

801 2613 978 2675 Quam
1022 2613 1274 2662 Baioariis
1320 2610 1418 2661 fuit
1459 2613 1642 2677 ingens
1684 2625 1806 2660 cura
1848 2610 1998 2658 tueri.

805 2703 952 2769 Ipsos
994 2705 1044 2751 in
1088 2703 1283 2751 ratibus
1323 2701 1638 2750 descendere
1681 2701 1879 2767 quippe
1919 2695 2147 2746 secunda

803 2791 957 2841 Iussit
998 2808 1151 2859 aqua.
1195 2789 1277 2840 Sic
1319 2789 1382 2838 ad
1425 2787 1645 2838 fluvium
1691 2803 1778 2836 rex
1817 2787 1958 2836 venit
1997 2788 2252 2845 Anesum,

598 2899 646 2934 v.
674 2881 760 2946 65.
805 2880 912 2941 Qui
957 2881 1162 2929 medius
1203 2879 1473 2928 Baioarios
1514 2878 1739 2942 seiungit
1779 2885 1829 2924 et
1868 2875 2076 2925 Hunos.

805 2969 967 3020 Hunc
1008 2971 1148 3018 iuxta
1190 2970 1374 3033 positis
1415 2981 1507 3033 per
1547 2976 1691 3032 prata
1732 2966 1948 3014 virentia
1989 2963 2181 3030 castris,

806 3056 1099 3108 Communi
1140 3067 1268 3105 voto
1309 3058 1468 3104 ternis
1507 3066 1734 3104 statuere
1775 3052 1959 3101 diebus

807 3145 1122 3212 Suppliciter
1163 3145 1420 3194 celebrare
1461 3158 1655 3209 preces,
1696 3157 1755 3191 ac
1795 3150 2006 3204 pectore
2046 3149 2160 3188 toto

806 3235 1078 3287 Auxilium
1119 3236 1252 3300 regis
1294 3249 1478 3300 regum
1520 3232 1803 3298 deposcere
1844 3227 2054 3297 Christi,

616 3342 662 3377 v.
687 3340 773 3391 70.
815 3323 886 3374 Ut
925 3325 1124 3389 coeptis
1164 3325 1283 3388 pius
1324 3332 1593 3379 annueret,
1636 3335 1746 3387 quo
1789 3328 1974 3368 cuncta
2014 3317 2261 3366 darentur

811 3412 1083 3480 Prospera,
1121 3422 1200 3461 tot
1238 3411 1453 3477 populis
1494 3411 1544 3458 in
1587 3420 1692 3457 tam
1722 3408 2014 3474 longinqua
2053 3403 2319 3472 profectis,

813 3501 1030 3550 Munitis
1070 3502 1222 3566 signo
1263 3496 1402 3558 fidei,
1444 3509 1732 3564 contraque
1774 3493 2032 3544 nefandos

815 3588 1046 3639 Gentiles
1088 3588 1207 3638 felix
1246 3586 1392 3637 fieret
1432 3597 1698 3636 certamen
1737 3584 2019 3651 agendum.

813 3683 988 3746 Atque
1030 3677 1219 3726 dehinc
1260 3679 1418 3726 motis
1460 3685 1781 3724 memoratae
1823 3674 2021 3739 proelia
2061 3673 2236 3721 castris

614 3785 662 3820 v.
690 3782 775 3834 75.
819 3767 1066 3816 Intulerat
1105 3768 1262 3832 genti,
1301 3767 1452 3814 cuius
1492 3764 1787 3812 munimina
1829 3763 2003 3810 statim

814 3855 981 3905 Pulsis
1022 3855 1289 3921 praesidiis
1329 3853 1666 3909 destruxerat,
1710 3866 1771 3899 ex
1810 3850 2003 3917 quibus
2045 3865 2216 3897 unum

814 3944 933 3994 Non
976 3946 1149 4010 operis
1189 3945 1331 4009 parvi
1374 3939 1610 3991 Cambus
1652 3937 1972 4004 praeterfluit
2011 3939 2196 4004 amnis,

817 4037 987 4101 Atque
1028 4047 1187 4098 super
1226 4032 1426 4080 dictum
1467 4027 1738 4093 Cumberg
1778 4029 2004 4075 munitio
2047 4036 2288 4074 montem

817 4123 992 4171 Altera
1033 4120 1308 4187 pregrandi
1349 4117 1517 4167 fuerat
1556 4115 1880 4166 circumdata
1921 4114 2073 4165 valle.

2835 4403 2861 4504 -ΙὟῚᾸ-ιϊ.
2836 4286 2857 4373 ·-””,”
2838 4209 2857 4251 3ἱὶ
2850 4146 2860 4174 ,.
2854 4087 2861 4108 ,,
2854 4002 2858 4010 -
