<?xml version="1.0" encoding="UTF-8"?>
<!DOCTYPE html PUBLIC "-//W3C//DTD XHTML 1.0 Transitional//EN"
    "http://www.w3.org/TR/xhtml1/DTD/xhtml1-transitional.dtd">
<html xmlns="http://www.w3.org/1999/xhtml" xml:lang="en" lang="en">
 <head>
  <title>
</title>
<meta http-equiv="Content-Type" content="text/html;charset=utf-8" />
  <meta name='ocr-system' content='tesseract 3.04.00' />
  <meta name='ocr-capabilities' content='ocr_page ocr_carea ocr_par ocr_line ocrx_word'/>
</head>
<body>
  <div class='ocr_page' id='page_1' title='image "./gradivozazgodovi01kosmuoft_0112.png"; bbox 0 0 2872 4504; ppageno 0'>
   <div class='ocr_carea' id='block_1_1' title="bbox 189 1240 359 1294">
    <p class='ocr_par' dir='ltr' id='par_1_1' title="bbox 189 1240 359 1294">
     <span class='ocr_line' id='line_1_1' title="bbox 189 1240 359 1294; baseline -0.012 -13"><span class='ocrx_word' id='word_1_1' title='bbox 189 1249 235 1294; x_wconf 87' lang='lat' dir='ltr'>p.</span> <span class='ocrx_word' id='word_1_2' title='bbox 259 1240 359 1283; x_wconf 88' lang='grc'>334.</span> 
     </span>
    </p>
   </div>
   <div class='ocr_carea' id='block_1_2' title="bbox 188 2567 362 2621">
    <p class='ocr_par' dir='ltr' id='par_1_2' title="bbox 188 2567 362 2621">
     <span class='ocr_line' id='line_1_2' title="bbox 188 2567 362 2621; baseline 0 -12"><span class='ocrx_word' id='word_1_3' title='bbox 188 2577 234 2621; x_wconf 86' lang='lat' dir='ltr'>p.</span> <span class='ocrx_word' id='word_1_4' title='bbox 260 2567 362 2609; x_wconf 87' lang='grc'><strong>335.</strong></span> 
     </span>
    </p>
   </div>
   <div class='ocr_carea' id='block_1_3' title="bbox 195 4084 370 4136">
    <p class='ocr_par' dir='ltr' id='par_1_3' title="bbox 195 4084 370 4136">
     <span class='ocr_line' id='line_1_3' title="bbox 195 4084 370 4136; baseline -0.023 -10"><span class='ocrx_word' id='word_1_5' title='bbox 195 4084 370 4136; x_wconf 83' lang='lat' dir='ltr'><strong>p.336.</strong></span> 
     </span>
    </p>
   </div>
   <div class='ocr_carea' id='block_1_4' title="bbox 394 244 1615 300">
    <p class='ocr_par' dir='ltr' id='par_1_4' title="bbox 394 244 1615 300">
     <span class='ocr_line' id='line_1_4' title="bbox 394 244 1615 300; baseline 0 -3"><span class='ocrx_word' id='word_1_6' title='bbox 394 259 452 300; x_wconf 86' lang='lat'>28</span> <span class='ocrx_word' id='word_1_7' title='bbox 1447 244 1513 298; x_wconf 53' lang='lat' dir='ltr'>St</span> <span class='ocrx_word' id='word_1_8' title='bbox 1546 259 1615 298; x_wconf 62' lang='lat' dir='ltr'>aa</span> 
     </span>
    </p>
   </div>
   <div class='ocr_carea' id='block_1_5' title="bbox 396 431 2699 587">
    <p class='ocr_par' dir='ltr' id='par_1_5' title="bbox 396 431 2699 587">
     <span class='ocr_line' id='line_1_5' title="bbox 399 431 2699 499; baseline 0.002 -18"><span class='ocrx_word' id='word_1_9' title='bbox 399 431 478 492; x_wconf 83' lang='grc' dir='ltr'>ξὺν</span> <span class='ocrx_word' id='word_1_10' title='bbox 519 432 644 498; x_wconf 77' lang='grc' dir='ltr'>αὐτῷ</span> <span class='ocrx_word' id='word_1_11' title='bbox 683 435 854 497; x_wconf 86' lang='grc' dir='ltr'>γίνεται</span> <span class='ocrx_word' id='word_1_12' title='bbox 892 435 940 483; x_wconf 89' lang='grc' dir='ltr'>ἐν</span> <span class='ocrx_word' id='word_1_13' title='bbox 979 433 1274 496; x_wconf 89' lang='grc' dir='ltr'>Σκλαβηνοῖς</span> <span class='ocrx_word' id='word_1_14' title='bbox 1314 434 1482 494; x_wconf 80' lang='grc' dir='ltr'>μέσοις.</span> <span class='ocrx_word' id='word_1_15' title='bbox 1524 432 1926 498; x_wconf 66' lang='grc' dir='ltr'>ἐπεκηρυκεύοντο</span> <span class='ocrx_word' id='word_1_16' title='bbox 1965 434 2055 499; x_wconf 79' lang='grc' dir='ltr'>γὰρ</span> <span class='ocrx_word' id='word_1_17' title='bbox 2094 435 2184 498; x_wconf 80' lang='grc' dir='ltr'>ήδη</span> <span class='ocrx_word' id='word_1_18' title='bbox 2227 435 2306 484; x_wconf 80' lang='grc' dir='ltr'>καὶ</span> <span class='ocrx_word' id='word_1_19' title='bbox 2330 435 2566 497; x_wconf 85' lang='grc' dir='ltr'>ἀλλήλοις</span> <span class='ocrx_word' id='word_1_20' title='bbox 2594 435 2699 485; x_wconf 82' lang='grc' dir='ltr'>ἀνε-</span> 
     </span>
     <span class='ocr_line' id='line_1_6' title="bbox 396 516 2699 587; baseline 0.002 -18"><span class='ocrx_word' id='word_1_21' title='bbox 396 522 611 585; x_wconf 86' lang='grc' dir='ltr'>μίγνυντο</span> <span class='ocrx_word' id='word_1_22' title='bbox 665 520 814 580; x_wconf 85' lang='grc' dir='ltr'>ἀδεῶς</span> <span class='ocrx_word' id='word_1_23' title='bbox 865 522 906 571; x_wconf 83' lang='grc' dir='ltr'>οἱ</span> <span class='ocrx_word' id='word_1_24' title='bbox 956 521 1176 587; x_wconf 86' lang='grc' dir='ltr'>βάρβαροι</span> <span class='ocrx_word' id='word_1_25' title='bbox 1215 516 1351 570; x_wconf 73' lang='grc' dir='ltr'>οὗτοι.</span> <span class='ocrx_word' id='word_1_26' title='bbox 1392 522 1614 586; x_wconf 85' lang='grc' dir='ltr'>χρήματα</span> <span class='ocrx_word' id='word_1_27' title='bbox 1655 516 1735 569; x_wconf 76' lang='grc' dir='ltr'>οὖν</span> <span class='ocrx_word' id='word_1_28' title='bbox 1774 520 1939 569; x_wconf 79' lang='grc' dir='ltr'>πολλὰ</span> <span class='ocrx_word' id='word_1_29' title='bbox 1978 522 2043 586; x_wconf 78' lang='grc' dir='ltr'>τῷ</span> <span class='ocrx_word' id='word_1_30' title='bbox 2083 523 2162 571; x_wconf 70' lang='grc' dir='ltr'>τὀν</span> <span class='ocrx_word' id='word_1_31' title='bbox 2202 523 2479 584; x_wconf 89' lang='grc' dir='ltr'>Χιλβούδιον</span> <span class='ocrx_word' id='word_1_32' title='bbox 2521 542 2699 587; x_wconf 85' lang='grc' dir='ltr'>κεκτη-</span> 
     </span>
    </p>
   </div>
   <div class='ocr_carea' id='block_1_6' title="bbox 396 606 2701 766">
    <p class='ocr_par' dir='ltr' id='par_1_6' title="bbox 396 606 2701 766">
     <span class='ocr_line' id='line_1_7' title="bbox 397 606 2700 677; baseline 0.002 -20"><span class='ocrx_word' id='word_1_33' title='bbox 397 612 520 674; x_wconf 88' lang='grc' dir='ltr'>μένῳ</span> <span class='ocrx_word' id='word_1_34' title='bbox 559 613 817 676; x_wconf 76' lang='grc' dir='ltr'>προϊέμενοι</span> <span class='ocrx_word' id='word_1_35' title='bbox 856 611 934 659; x_wconf 65' lang='grc' dir='ltr'>τῖον</span> <span class='ocrx_word' id='word_1_36' title='bbox 976 611 1118 675; x_wconf 78' lang='grc' dir='ltr'>ἄνδρα</span> <span class='ocrx_word' id='word_1_37' title='bbox 1157 609 1356 657; x_wconf 82' lang='grc' dir='ltr'>ὠνοῦντο</span> <span class='ocrx_word' id='word_1_38' title='bbox 1396 606 1472 656; x_wconf 83' lang='grc' dir='ltr'>καὶ</span> <span class='ocrx_word' id='word_1_39' title='bbox 1512 606 1590 667; x_wconf 82' lang='grc' dir='ltr'>ξὺν</span> <span class='ocrx_word' id='word_1_40' title='bbox 1629 608 1754 674; x_wconf 75' lang='grc' dir='ltr'>αὐτῷ</span> <span class='ocrx_word' id='word_1_41' title='bbox 1794 607 2007 668; x_wconf 78' lang='grc' dir='ltr'>ἀπιόντες</span> <span class='ocrx_word' id='word_1_42' title='bbox 2061 610 2205 669; x_wconf 71' lang='grc' dir='ltr'>εὐθὺς</span> <span class='ocrx_word' id='word_1_43' title='bbox 2259 608 2457 677; x_wconf 85' lang='grc' dir='ltr'>ᾤχοντο.</span> <span class='ocrx_word' id='word_1_44' title='bbox 2506 612 2603 661; x_wconf 90' lang='grc' dir='ltr'>ἐπεί</span> <span class='ocrx_word' id='word_1_45' title='bbox 2650 630 2700 661; x_wconf 89' lang='grc' dir='ltr'>τε</span> 
     </span>
     <span class='ocr_line' id='line_1_8' title="bbox 396 695 2701 766; baseline 0.001 -21"><span class='ocrx_word' id='word_1_46' title='bbox 396 698 445 745; x_wconf 88' lang='grc' dir='ltr'>ἐν</span> <span class='ocrx_word' id='word_1_47' title='bbox 484 698 624 758; x_wconf 84' lang='grc' dir='ltr'>ήθεσι</span> <span class='ocrx_word' id='word_1_48' title='bbox 663 702 759 757; x_wconf 84' lang='grc' dir='ltr'>τοῖς</span> <span class='ocrx_word' id='word_1_49' title='bbox 798 701 1028 764; x_wconf 72' lang='grc' dir='ltr'>σφετέροις</span> <span class='ocrx_word' id='word_1_50' title='bbox 1068 699 1289 763; x_wconf 88' lang='grc' dir='ltr'>ἐγίνοντο,</span> <span class='ocrx_word' id='word_1_51' title='bbox 1332 695 1678 746; x_wconf 74' lang='grc' dir='ltr'>ἀνεπυνθάνετο</span> <span class='ocrx_word' id='word_1_52' title='bbox 1719 703 1799 746; x_wconf 92' lang='grc' dir='ltr'>τοῦ</span> <span class='ocrx_word' id='word_1_53' title='bbox 1840 696 2093 763; x_wconf 85' lang='grc' dir='ltr'>ἀνθρώπου</span> <span class='ocrx_word' id='word_1_54' title='bbox 2133 700 2156 746; x_wconf 77' lang='grc' dir='ltr'>ὁ</span> <span class='ocrx_word' id='word_1_55' title='bbox 2196 702 2458 766; x_wconf 50' lang='grc' dir='ltr'>πριάμενος,</span> <span class='ocrx_word' id='word_1_56' title='bbox 2498 699 2537 749; x_wconf 80' lang='grc' dir='ltr'>εἶ</span> <span class='ocrx_word' id='word_1_57' title='bbox 2576 699 2701 749; x_wconf 91' lang='grc' dir='ltr'>Χιλ-</span> 
     </span>
    </p>
   </div>
   <div class='ocr_carea' id='block_1_7' title="bbox 1462 786 1472 803">
    <p class='ocr_par' dir='ltr' id='par_1_7' title="bbox 1462 786 1472 803">
     <span class='ocr_line' id='line_1_9' title="bbox 1462 786 1472 803; baseline 0 0"><span class='ocrx_word' id='word_1_58' title='bbox 1462 786 1472 803; x_wconf 62' lang='lat' dir='ltr'>V</span> 
     </span>
    </p>
   </div>
   <div class='ocr_carea' id='block_1_8' title="bbox 395 783 2722 1829">
    <p class='ocr_par' dir='ltr' id='par_1_8' title="bbox 395 783 2722 1829">
     <span class='ocr_line' id='line_1_10' title="bbox 396 783 2701 852; baseline 0.001 -18"><span class='ocrx_word' id='word_1_59' title='bbox 396 785 577 846; x_wconf 84' lang='grc' dir='ltr'>βούδιος</span> <span class='ocrx_word' id='word_1_60' title='bbox 616 787 756 845; x_wconf 73' lang='grc' dir='ltr'>αὐτος</span> <span class='ocrx_word' id='word_1_61' title='bbox 796 789 819 835; x_wconf 79' lang='grc' dir='ltr'>ὁ</span> <span class='ocrx_word' id='word_1_62' title='bbox 860 785 1098 849; x_wconf 87' lang='grc' dir='ltr'>Ῥωμαίων</span> <span class='ocrx_word' id='word_1_63' title='bbox 1138 787 1400 852; x_wconf 62' lang='grc' dir='ltr'>στρατηγὶς</span> <span class='ocrx_word' id='word_1_64' title='bbox 1440 786 1525 848; x_wconf 87' lang='grc' dir='ltr'>είη.</span> <span class='ocrx_word' id='word_1_65' title='bbox 1568 783 1648 834; x_wconf 83' lang='grc' dir='ltr'>καὶ</span> <span class='ocrx_word' id='word_1_66' title='bbox 1686 787 1738 844; x_wconf 79' lang='grc' dir='ltr'>δς</span> <span class='ocrx_word' id='word_1_67' title='bbox 1778 785 1864 834; x_wconf 84' lang='grc' dir='ltr'>ούκ</span> <span class='ocrx_word' id='word_1_68' title='bbox 1906 783 2098 848; x_wconf 75' lang='grc' dir='ltr'>ἀπηξίου</span> <span class='ocrx_word' id='word_1_69' title='bbox 2139 787 2197 835; x_wconf 80' lang='grc' dir='ltr'>τὰ</span> <span class='ocrx_word' id='word_1_70' title='bbox 2224 787 2334 836; x_wconf 70' lang='grc' dir='ltr'>ὄντα</span> <span class='ocrx_word' id='word_1_71' title='bbox 2357 787 2528 851; x_wconf 90' lang='grc' dir='ltr'>λέγειν.</span> <span class='ocrx_word' id='word_1_72' title='bbox 2554 806 2701 837; x_wconf 90' lang='grc' dir='ltr'>κατα-</span> 
     </span>
     <span class='ocr_line' id='line_1_11' title="bbox 395 864 2700 941; baseline 0.001 -19"><span class='ocrx_word' id='word_1_73' title='bbox 395 873 527 938; x_wconf 89' lang='grc' dir='ltr'>λέγει</span> <span class='ocrx_word' id='word_1_74' title='bbox 567 875 616 924; x_wconf 83' lang='grc' dir='ltr'>δὲ</span> <span class='ocrx_word' id='word_1_75' title='bbox 655 872 734 934; x_wconf 82' lang='grc' dir='ltr'>ξὺν</span> <span class='ocrx_word' id='word_1_76' title='bbox 775 876 840 941; x_wconf 86' lang='grc' dir='ltr'>τῷ</span> <span class='ocrx_word' id='word_1_77' title='bbox 881 875 1062 938; x_wconf 84' lang='grc' dir='ltr'>ἀληθεῖ</span> <span class='ocrx_word' id='word_1_78' title='bbox 1099 875 1233 940; x_wconf 83' lang='grc' dir='ltr'>λόγῳ</span> <span class='ocrx_word' id='word_1_79' title='bbox 1272 872 1437 939; x_wconf 80' lang='grc' dir='ltr'>ἐφεξῆς</span> <span class='ocrx_word' id='word_1_80' title='bbox 1477 877 1672 941; x_wconf 83' lang='grc' dir='ltr'>ἅπαντα,</span> <span class='ocrx_word' id='word_1_81' title='bbox 1729 875 1794 933; x_wconf 85' lang='grc' dir='ltr'>ὡς</span> <span class='ocrx_word' id='word_1_82' title='bbox 1847 875 1914 938; x_wconf 80' lang='grc' dir='ltr'>εἴη</span> <span class='ocrx_word' id='word_1_83' title='bbox 1971 876 2054 937; x_wconf 88' lang='grc' dir='ltr'>μὲν</span> <span class='ocrx_word' id='word_1_84' title='bbox 2094 872 2272 937; x_wconf 73' lang='grc' dir='ltr'>’Ἄντης</span> <span class='ocrx_word' id='word_1_85' title='bbox 2327 874 2406 924; x_wconf 79' lang='grc' dir='ltr'>καὶ</span> <span class='ocrx_word' id='word_1_86' title='bbox 2459 864 2597 934; x_wconf 67' lang='grc' dir='ltr'>αύτδς</span> <span class='ocrx_word' id='word_1_87' title='bbox 2649 877 2700 925; x_wconf 66' lang='grc' dir='ltr'>τὶ</span> 
     </span>
     <span class='ocr_line' id='line_1_12' title="bbox 395 961 2703 1029; baseline 0.001 -19"><span class='ocrx_word' id='word_1_88' title='bbox 395 965 547 1029; x_wconf 87' lang='grc' dir='ltr'>γένος,</span> <span class='ocrx_word' id='word_1_89' title='bbox 602 965 871 1028; x_wconf 82' lang='grc' dir='ltr'>μαχόμενος</span> <span class='ocrx_word' id='word_1_90' title='bbox 921 965 970 1012; x_wconf 86' lang='grc' dir='ltr'>δὲ</span> <span class='ocrx_word' id='word_1_91' title='bbox 1011 961 1090 1022; x_wconf 82' lang='grc' dir='ltr'>ξὺν</span> <span class='ocrx_word' id='word_1_92' title='bbox 1138 967 1233 1021; x_wconf 89' lang='grc' dir='ltr'>τοῖς</span> <span class='ocrx_word' id='word_1_93' title='bbox 1284 965 1523 1026; x_wconf 75' lang='grc' dir='ltr'>ομογενέσι</span> <span class='ocrx_word' id='word_1_94' title='bbox 1577 963 1692 1028; x_wconf 69' lang='grc' dir='ltr'>πρὶς</span> <span class='ocrx_word' id='word_1_95' title='bbox 1751 962 2075 1029; x_wconf 79' lang='grc' dir='ltr'>Σκλαβηνοὺς,</span> <span class='ocrx_word' id='word_1_96' title='bbox 2133 965 2240 1012; x_wconf 87' lang='grc' dir='ltr'>τότε</span> <span class='ocrx_word' id='word_1_97' title='bbox 2293 965 2405 1028; x_wconf 90' lang='grc' dir='ltr'>σφίσι</span> <span class='ocrx_word' id='word_1_98' title='bbox 2453 963 2703 1026; x_wconf 88' lang='grc' dir='ltr'>πολεμίους</span> 
     </span>
     <span class='ocr_line' id='line_1_13' title="bbox 398 1047 2704 1118; baseline 0.001 -20"><span class='ocrx_word' id='word_1_99' title='bbox 398 1050 550 1117; x_wconf 80' lang='grc' dir='ltr'>’σ’ντας,</span> <span class='ocrx_word' id='word_1_100' title='bbox 590 1052 705 1117; x_wconf 62' lang='grc' dir='ltr'>πρὸς</span> <span class='ocrx_word' id='word_1_101' title='bbox 745 1056 836 1100; x_wconf 87' lang='grc' dir='ltr'>τῶν</span> <span class='ocrx_word' id='word_1_102' title='bbox 875 1051 1089 1101; x_wconf 85' lang='grc' dir='ltr'>ἐναντίων</span> <span class='ocrx_word' id='word_1_103' title='bbox 1130 1047 1280 1117; x_wconf 81' lang='grc' dir='ltr'>ἁλῴη,</span> <span class='ocrx_word' id='word_1_104' title='bbox 1323 1057 1459 1100; x_wconf 87' lang='grc' dir='ltr'>τανῦν</span> <span class='ocrx_word' id='word_1_105' title='bbox 1500 1051 1566 1117; x_wconf 82' lang='grc' dir='ltr'>δὲ,</span> <span class='ocrx_word' id='word_1_106' title='bbox 1607 1049 1704 1100; x_wconf 85' lang='grc' dir='ltr'>ἐπεὶ</span> <span class='ocrx_word' id='word_1_107' title='bbox 1742 1050 1930 1115; x_wconf 84' lang='grc' dir='ltr'>ἀφίκετο</span> <span class='ocrx_word' id='word_1_108' title='bbox 1958 1052 2008 1110; x_wconf 90' lang='grc' dir='ltr'>ἐς</span> <span class='ocrx_word' id='word_1_109' title='bbox 2035 1051 2092 1100; x_wconf 77' lang='grc' dir='ltr'>τὰ</span> <span class='ocrx_word' id='word_1_110' title='bbox 2111 1053 2278 1117; x_wconf 84' lang='grc' dir='ltr'>πάτρια</span> <span class='ocrx_word' id='word_1_111' title='bbox 2299 1052 2421 1118; x_wconf 80' lang='grc' dir='ltr'>ἤθη,</span> <span class='ocrx_word' id='word_1_112' title='bbox 2447 1051 2704 1118; x_wconf 88' lang='grc' dir='ltr'>ἐλεύθερος</span> 
     </span>
     <span class='ocr_line' id='line_1_14' title="bbox 395 1136 2704 1207; baseline 0.001 -19"><span class='ocrx_word' id='word_1_113' title='bbox 395 1141 447 1188; x_wconf 79' lang='grc' dir='ltr'>το</span> <span class='ocrx_word' id='word_1_114' title='bbox 487 1138 650 1188; x_wconf 64' lang='grc' dir='ltr'>λοιπὸν</span> <span class='ocrx_word' id='word_1_115' title='bbox 707 1143 830 1189; x_wconf 85' lang='grc' dir='ltr'>κατά</span> <span class='ocrx_word' id='word_1_116' title='bbox 867 1159 923 1205; x_wconf 87' lang='grc' dir='ltr'>γε</span> <span class='ocrx_word' id='word_1_117' title='bbox 963 1141 1043 1189; x_wconf 70' lang='grc' dir='ltr'>τ“ον</span> <span class='ocrx_word' id='word_1_118' title='bbox 1082 1141 1222 1201; x_wconf 89' lang='grc' dir='ltr'>νόμον</span> <span class='ocrx_word' id='word_1_119' title='bbox 1263 1138 1342 1189; x_wconf 86' lang='grc' dir='ltr'>καὶ</span> <span class='ocrx_word' id='word_1_120' title='bbox 1382 1139 1521 1198; x_wconf 66' lang='grc' dir='ltr'>αύτδς</span> <span class='ocrx_word' id='word_1_121' title='bbox 1560 1141 1698 1190; x_wconf 84' lang='grc' dir='ltr'>ἐ’σται.</span> <span class='ocrx_word' id='word_1_122' title='bbox 1741 1142 1764 1188; x_wconf 80' lang='grc' dir='ltr'>ὁ</span> <span class='ocrx_word' id='word_1_123' title='bbox 1805 1141 1888 1202; x_wconf 82' lang='grc' dir='ltr'>μὲν</span> <span class='ocrx_word' id='word_1_124' title='bbox 1929 1136 2006 1189; x_wconf 76' lang='grc' dir='ltr'>οὖν</span> <span class='ocrx_word' id='word_1_125' title='bbox 2059 1142 2168 1207; x_wconf 79' lang='grc' dir='ltr'>ὑπὲρ</span> <span class='ocrx_word' id='word_1_126' title='bbox 2223 1141 2361 1190; x_wconf 77' lang='grc' dir='ltr'>αὐτοῦ</span> <span class='ocrx_word' id='word_1_127' title='bbox 2416 1142 2469 1190; x_wconf 66' lang='grc' dir='ltr'>τὶ</span> <span class='ocrx_word' id='word_1_128' title='bbox 2520 1141 2704 1207; x_wconf 89' lang='grc' dir='ltr'>χρυσίον</span> 
     </span>
     <span class='ocr_line' id='line_1_15' title="bbox 400 1224 2704 1298; baseline 0.002 -22"><span class='ocrx_word' id='word_1_129' title='bbox 400 1230 670 1294; x_wconf 76' lang='grc' dir='ltr'>προϊέμενος</span> <span class='ocrx_word' id='word_1_130' title='bbox 707 1224 723 1298; x_wconf 82' lang='grc' dir='ltr'>Η</span> <span class='ocrx_word' id='word_1_131' title='bbox 749 1229 797 1287; x_wconf 92' lang='grc' dir='ltr'>ἐς</span> <span class='ocrx_word' id='word_1_132' title='bbox 837 1228 1025 1293; x_wconf 85' lang='grc' dir='ltr'>ἀφασίαν</span> <span class='ocrx_word' id='word_1_133' title='bbox 1064 1229 1387 1290; x_wconf 75' lang='grc' dir='ltr'>ἐμπεπτωκὼς</span> <span class='ocrx_word' id='word_1_134' title='bbox 1425 1228 1688 1295; x_wconf 72' lang='grc' dir='ltr'>ἤσχαλλεν,</span> <span class='ocrx_word' id='word_1_135' title='bbox 1728 1229 1918 1288; x_wconf 91' lang='grc' dir='ltr'>ἐλπίδος</span> <span class='ocrx_word' id='word_1_136' title='bbox 1957 1228 2204 1295; x_wconf 82' lang='grc' dir='ltr'>ἀποτυχὼν</span> <span class='ocrx_word' id='word_1_137' title='bbox 2253 1229 2302 1278; x_wconf 80' lang='grc' dir='ltr'>οὒ</span> <span class='ocrx_word' id='word_1_138' title='bbox 2343 1230 2529 1295; x_wconf 76' lang='grc' dir='ltr'>μετρίας</span> <span class='ocrx_word' id='word_1_139' title='bbox 2569 1231 2704 1288; x_wconf 84' lang='grc' dir='ltr'>τινός.</span> 
     </span>
     <span class='ocr_line' id='line_1_16' title="bbox 395 1314 2707 1385; baseline 0 -20"><span class='ocrx_word' id='word_1_140' title='bbox 395 1317 419 1364; x_wconf 76' lang='grc' dir='ltr'><em>ὃ</em></span> <span class='ocrx_word' id='word_1_141' title='bbox 461 1316 511 1365; x_wconf 82' lang='grc' dir='ltr'>δὲ</span> <span class='ocrx_word' id='word_1_142' title='bbox 551 1314 781 1378; x_wconf 78' lang='grc' dir='ltr'>Ῥωμαῖος</span> <span class='ocrx_word' id='word_1_143' title='bbox 820 1319 900 1366; x_wconf 85' lang='grc' dir='ltr'>τόν</span> <span class='ocrx_word' id='word_1_144' title='bbox 940 1335 992 1366; x_wconf 89' lang='grc' dir='ltr'>τε</span> <span class='ocrx_word' id='word_1_145' title='bbox 1018 1318 1270 1383; x_wconf 82' lang='grc' dir='ltr'>ἄνθρωπον</span> <span class='ocrx_word' id='word_1_146' title='bbox 1309 1321 1589 1383; x_wconf 75' lang='grc' dir='ltr'>παρηγορεῖν</span> <span class='ocrx_word' id='word_1_147' title='bbox 1615 1316 1695 1366; x_wconf 81' lang='grc' dir='ltr'>καὶ</span> <span class='ocrx_word' id='word_1_148' title='bbox 1734 1319 1818 1379; x_wconf 75' lang='grc' dir='ltr'>τὴν</span> <span class='ocrx_word' id='word_1_149' title='bbox 1841 1317 2076 1379; x_wconf 85' lang='grc' dir='ltr'>ἀλήθειαν</span> <span class='ocrx_word' id='word_1_150' title='bbox 2117 1319 2360 1385; x_wconf 87' lang='grc' dir='ltr'>ἐκκρούειν</span> <span class='ocrx_word' id='word_1_151' title='bbox 2402 1317 2607 1385; x_wconf 89' lang='grc' dir='ltr'>ἐθέλων,</span> <span class='ocrx_word' id='word_1_152' title='bbox 2642 1319 2707 1377; x_wconf 87' lang='grc' dir='ltr'>ὡς</span> 
     </span>
     <span class='ocr_line' id='line_1_17' title="bbox 396 1404 2708 1473; baseline 0.001 -20"><span class='ocrx_word' id='word_1_153' title='bbox 396 1407 459 1467; x_wconf 93' lang='grc' dir='ltr'>μή</span> <span class='ocrx_word' id='word_1_154' title='bbox 487 1423 528 1454; x_wconf 89' lang='grc' dir='ltr'>τι</span> <span class='ocrx_word' id='word_1_155' title='bbox 551 1404 675 1471; x_wconf 75' lang='grc' dir='ltr'>αὐτῷ</span> <span class='ocrx_word' id='word_1_156' title='bbox 696 1411 781 1468; x_wconf 88' lang='grc' dir='ltr'>τῆς</span> <span class='ocrx_word' id='word_1_157' title='bbox 808 1406 856 1464; x_wconf 86' lang='grc' dir='ltr'>ἐς</span> <span class='ocrx_word' id='word_1_158' title='bbox 896 1406 980 1466; x_wconf 78' lang='grc' dir='ltr'>τὴν</span> <span class='ocrx_word' id='word_1_159' title='bbox 1006 1405 1153 1455; x_wconf 80' lang='grc' dir='ltr'>οἰκίαν</span> <span class='ocrx_word' id='word_1_160' title='bbox 1175 1406 1400 1455; x_wconf 81' lang='grc' dir='ltr'>ἐπανόδου</span> <span class='ocrx_word' id='word_1_161' title='bbox 1425 1407 1640 1468; x_wconf 86' lang='grc' dir='ltr'>ἐμποδὼν</span> <span class='ocrx_word' id='word_1_162' title='bbox 1666 1408 1751 1473; x_wconf 80' lang='grc' dir='ltr'>εἴη,</span> <span class='ocrx_word' id='word_1_163' title='bbox 1786 1406 2067 1467; x_wconf 87' lang='grc' dir='ltr'>Χιλβούδιον</span> <span class='ocrx_word' id='word_1_164' title='bbox 2088 1409 2171 1469; x_wconf 83' lang='grc' dir='ltr'>μὲν</span> <span class='ocrx_word' id='word_1_165' title='bbox 2211 1408 2389 1456; x_wconf 90' lang='grc' dir='ltr'>ἐκεῖνον</span> <span class='ocrx_word' id='word_1_166' title='bbox 2427 1409 2495 1457; x_wconf 80' lang='grc' dir='ltr'>ἔτι</span> <span class='ocrx_word' id='word_1_167' title='bbox 2545 1414 2708 1457; x_wconf 87' lang='grc' dir='ltr'>τοῦτον</span> 
     </span>
     <span class='ocr_line' id='line_1_18' title="bbox 397 1491 2708 1564; baseline 0.002 -22"><span class='ocrx_word' id='word_1_168' title='bbox 397 1494 454 1554; x_wconf 82' lang='grc' dir='ltr'>δὴ</span> <span class='ocrx_word' id='word_1_169' title='bbox 483 1495 563 1543; x_wconf 65' lang='grc' dir='ltr'>τὀν</span> <span class='ocrx_word' id='word_1_170' title='bbox 605 1495 748 1560; x_wconf 78' lang='grc' dir='ltr'>ἄνδρα</span> <span class='ocrx_word' id='word_1_171' title='bbox 788 1494 1038 1561; x_wconf 79' lang='grc' dir='ltr'>ἰσχυρίζετο</span> <span class='ocrx_word' id='word_1_172' title='bbox 1064 1491 1189 1562; x_wconf 75' lang='grc' dir='ltr'>εἶναι,</span> <span class='ocrx_word' id='word_1_173' title='bbox 1231 1495 1412 1544; x_wconf 87' lang='grc' dir='ltr'>δεδιότα</span> <span class='ocrx_word' id='word_1_174' title='bbox 1452 1495 1518 1562; x_wconf 84' lang='grc' dir='ltr'>δὲ,</span> <span class='ocrx_word' id='word_1_175' title='bbox 1559 1497 1640 1544; x_wconf 83' lang='grc' dir='ltr'>ἅτε</span> <span class='ocrx_word' id='word_1_176' title='bbox 1669 1496 1725 1556; x_wconf 80' lang='grc' dir='ltr'>δὴ</span> <span class='ocrx_word' id='word_1_177' title='bbox 1747 1496 1857 1544; x_wconf 74' lang='grc' dir='ltr'>όντα</span> <span class='ocrx_word' id='word_1_178' title='bbox 1895 1496 1943 1544; x_wconf 88' lang='grc' dir='ltr'>ἐν</span> <span class='ocrx_word' id='word_1_179' title='bbox 1983 1498 2137 1558; x_wconf 86' lang='grc' dir='ltr'>μέσοις</span> <span class='ocrx_word' id='word_1_180' title='bbox 2161 1495 2424 1564; x_wconf 74' lang='grc' dir='ltr'>βαρβάροις,</span> <span class='ocrx_word' id='word_1_181' title='bbox 2452 1497 2516 1555; x_wconf 85' lang='grc' dir='ltr'>ὡς</span> <span class='ocrx_word' id='word_1_182' title='bbox 2541 1499 2708 1558; x_wconf 84' lang='grc' dir='ltr'>ῆκιστα</span> 
     </span>
     <span class='ocr_line' id='line_1_19' title="bbox 397 1582 2722 1654; baseline 0 -23"><span class='ocrx_word' id='word_1_183' title='bbox 397 1582 585 1632; x_wconf 90' lang='grc' dir='ltr'>ἐθέλειν</span> <span class='ocrx_word' id='word_1_184' title='bbox 625 1582 926 1648; x_wconf 74' lang='grc' dir='ltr'>ἀποκαλύψαι</span> <span class='ocrx_word' id='word_1_185' title='bbox 965 1585 1044 1633; x_wconf 65' lang='grc' dir='ltr'>τὶν</span> <span class='ocrx_word' id='word_1_186' title='bbox 1083 1586 1234 1633; x_wconf 85' lang='grc' dir='ltr'>πάντα</span> <span class='ocrx_word' id='word_1_187' title='bbox 1272 1583 1436 1650; x_wconf 84' lang='grc' dir='ltr'>λόγον,</span> <span class='ocrx_word' id='word_1_188' title='bbox 1475 1588 1533 1646; x_wconf 82' lang='grc' dir='ltr'>ἢν</span> <span class='ocrx_word' id='word_1_189' title='bbox 1561 1587 1717 1647; x_wconf 91' lang='grc' dir='ltr'>μέντοι</span> <span class='ocrx_word' id='word_1_190' title='bbox 1739 1587 1929 1649; x_wconf 90' lang='grc' dir='ltr'>γένηται</span> <span class='ocrx_word' id='word_1_191' title='bbox 1948 1585 1996 1635; x_wconf 92' lang='grc' dir='ltr'>ἐν</span> <span class='ocrx_word' id='word_1_192' title='bbox 2018 1591 2079 1654; x_wconf 83' lang='grc' dir='ltr'>γῆ</span> <span class='ocrx_word' id='word_1_193' title='bbox 2105 1591 2162 1654; x_wconf 81' lang='grc' dir='ltr'>τῆ</span> <span class='ocrx_word' id='word_1_194' title='bbox 2196 1583 2453 1653; x_wconf 86' lang='grc' dir='ltr'>Ῥωμαίων,</span> <span class='ocrx_word' id='word_1_195' title='bbox 2489 1585 2576 1651; x_wconf 80' lang='grc' dir='ltr'>ἐυχ</span> <span class='ocrx_word' id='word_1_196' title='bbox 2602 1586 2722 1634; x_wconf 69' lang='grc' dir='ltr'>ὅσον,</span> 
     </span>
     <span class='ocr_line' id='line_1_20' title="bbox 397 1670 2708 1741; baseline 0.001 -21"><span class='ocrx_word' id='word_1_197' title='bbox 397 1671 484 1720; x_wconf 78' lang='grc' dir='ltr'>οὒκ</span> <span class='ocrx_word' id='word_1_198' title='bbox 512 1670 868 1738; x_wconf 71' lang='grc' dir='ltr'>ἀποκρύψεσθαι</span> <span class='ocrx_word' id='word_1_199' title='bbox 900 1673 979 1721; x_wconf 73' lang='grc' dir='ltr'>τῖον</span> <span class='ocrx_word' id='word_1_200' title='bbox 1007 1671 1175 1735; x_wconf 86' lang='grc' dir='ltr'>ἀληθῆ</span> <span class='ocrx_word' id='word_1_201' title='bbox 1197 1672 1361 1740; x_wconf 83' lang='grc' dir='ltr'>λόγον,</span> <span class='ocrx_word' id='word_1_202' title='bbox 1389 1671 1521 1721; x_wconf 77' lang='grc' dir='ltr'>ἀλλὰ</span> <span class='ocrx_word' id='word_1_203' title='bbox 1543 1671 1622 1723; x_wconf 85' lang='grc' dir='ltr'>καὶ</span> <span class='ocrx_word' id='word_1_204' title='bbox 1642 1673 2042 1741; x_wconf 85' lang='grc' dir='ltr'>φιλοτιμήσεσθαι,</span> <span class='ocrx_word' id='word_1_205' title='bbox 2082 1675 2147 1733; x_wconf 86' lang='grc' dir='ltr'>ὡς</span> <span class='ocrx_word' id='word_1_206' title='bbox 2186 1675 2239 1724; x_wconf 81' lang='grc' dir='ltr'>τ“ο</span> <span class='ocrx_word' id='word_1_207' title='bbox 2279 1673 2423 1740; x_wconf 68' lang='grc' dir='ltr'>εἰκδς,</span> <span class='ocrx_word' id='word_1_208' title='bbox 2463 1672 2536 1723; x_wconf 86' lang='grc' dir='ltr'>ἐπὶ</span> <span class='ocrx_word' id='word_1_209' title='bbox 2559 1675 2708 1739; x_wconf 82' lang='grc' dir='ltr'>τούτῳ</span> 
     </span>
     <span class='ocr_line' id='line_1_21' title="bbox 398 1757 2615 1829; baseline 0.002 -20"><span class='ocrx_word' id='word_1_210' title='bbox 398 1761 455 1821; x_wconf 77' lang='grc' dir='ltr'>δὴ</span> <span class='ocrx_word' id='word_1_211' title='bbox 497 1760 562 1826; x_wconf 74' lang='grc' dir='ltr'>τῷ</span> <span class='ocrx_word' id='word_1_212' title='bbox 603 1761 805 1823; x_wconf 74' lang='grc' dir='ltr'>ὀνόματι.</span> <span class='ocrx_word' id='word_1_213' title='bbox 849 1762 907 1810; x_wconf 80' lang='grc' dir='ltr'>τὰ</span> <span class='ocrx_word' id='word_1_214' title='bbox 946 1763 1030 1824; x_wconf 82' lang='grc' dir='ltr'>μὲν</span> <span class='ocrx_word' id='word_1_215' title='bbox 1071 1757 1148 1810; x_wconf 75' lang='grc' dir='ltr'>οὖν</span> <span class='ocrx_word' id='word_1_216' title='bbox 1187 1766 1349 1827; x_wconf 82' lang='grc' dir='ltr'>πρῶτα</span> <span class='ocrx_word' id='word_1_217' title='bbox 1389 1763 1538 1827; x_wconf 87' lang='grc' dir='ltr'>κρύφα</span> <span class='ocrx_word' id='word_1_218' title='bbox 1578 1769 1722 1812; x_wconf 89' lang='grc' dir='ltr'>ταῦτα</span> <span class='ocrx_word' id='word_1_219' title='bbox 1761 1764 2012 1829; x_wconf 72' lang='grc' dir='ltr'>ἐπράσσετο</span> <span class='ocrx_word' id='word_1_220' title='bbox 2034 1768 2126 1812; x_wconf 84' lang='grc' dir='ltr'>τῶν</span> <span class='ocrx_word' id='word_1_221' title='bbox 2152 1762 2317 1812; x_wconf 76' lang='grc' dir='ltr'>ἄλλων</span> <span class='ocrx_word' id='word_1_222' title='bbox 2357 1761 2615 1829; x_wconf 88' lang='grc' dir='ltr'>βαρβάρων.</span> 
     </span>
    </p>
   </div>
   <div class='ocr_carea' id='block_1_9' title="bbox 575 1847 2708 1918">
    <p class='ocr_par' dir='ltr' id='par_1_9' title="bbox 575 1847 2708 1918">
     <span class='ocr_line' id='line_1_22' title="bbox 575 1847 2708 1918; baseline 0 -20"><span class='ocrx_word' id='word_1_223' title='bbox 575 1847 703 1899; x_wconf 83' lang='grc' dir='ltr'>Ἐπεὶ</span> <span class='ocrx_word' id='word_1_224' title='bbox 743 1851 793 1899; x_wconf 85' lang='grc' dir='ltr'>δὲ</span> <span class='ocrx_word' id='word_1_225' title='bbox 836 1852 859 1898; x_wconf 73' lang='grc' dir='ltr'>ὁ</span> <span class='ocrx_word' id='word_1_226' title='bbox 901 1850 1050 1915; x_wconf 90' lang='grc' dir='ltr'>λόγος</span> <span class='ocrx_word' id='word_1_227' title='bbox 1089 1853 1441 1917; x_wconf 70' lang='grc' dir='ltr'>περιφερόμενος</span> <span class='ocrx_word' id='word_1_228' title='bbox 1480 1851 1530 1910; x_wconf 88' lang='grc' dir='ltr'>ἐς</span> <span class='ocrx_word' id='word_1_229' title='bbox 1570 1853 1775 1911; x_wconf 79' lang='grc' dir='ltr'>ἅπαντας</span> <span class='ocrx_word' id='word_1_230' title='bbox 1814 1850 1988 1918; x_wconf 76' lang='grc' dir='ltr'>ἦλθεν,</span> <span class='ocrx_word' id='word_1_231' title='bbox 2044 1852 2284 1918; x_wconf 74' lang='grc' dir='ltr'>ἠγείροντο</span> <span class='ocrx_word' id='word_1_232' title='bbox 2325 1853 2408 1914; x_wconf 86' lang='grc' dir='ltr'>μὲν</span> <span class='ocrx_word' id='word_1_233' title='bbox 2447 1850 2520 1900; x_wconf 80' lang='grc' dir='ltr'>ἐπὶ</span> <span class='ocrx_word' id='word_1_234' title='bbox 2558 1852 2708 1917; x_wconf 85' lang='grc' dir='ltr'>τούτῳ</span> 
     </span>
    </p>
   </div>
   <div class='ocr_carea' id='block_1_10' title="bbox 397 1937 2709 2095">
    <p class='ocr_par' dir='ltr' id='par_1_10' title="bbox 397 1937 2709 2095">
     <span class='ocr_line' id='line_1_23' title="bbox 397 1937 2709 2008; baseline 0 -19"><span class='ocrx_word' id='word_1_235' title='bbox 397 1938 563 1989; x_wconf 74' lang='grc' dir='ltr'>’Άνται</span> <span class='ocrx_word' id='word_1_236' title='bbox 601 1940 769 2004; x_wconf 76' lang='grc' dir='ltr'>σχεδῖον</span> <span class='ocrx_word' id='word_1_237' title='bbox 811 1941 1025 2007; x_wconf 85' lang='grc' dir='ltr'>ἅπαντες,</span> <span class='ocrx_word' id='word_1_238' title='bbox 1068 1940 1226 2000; x_wconf 74' lang='grc' dir='ltr'>κοινὴν</span> <span class='ocrx_word' id='word_1_239' title='bbox 1267 1940 1317 1989; x_wconf 80' lang='grc' dir='ltr'>δὲ</span> <span class='ocrx_word' id='word_1_240' title='bbox 1356 1937 1467 1990; x_wconf 76' lang='grc' dir='ltr'>εἶναι</span> <span class='ocrx_word' id='word_1_241' title='bbox 1514 1940 1597 2000; x_wconf 81' lang='grc' dir='ltr'>τὴν</span> <span class='ocrx_word' id='word_1_242' title='bbox 1636 1938 1796 2006; x_wconf 72' lang='grc' dir='ltr'>πρᾶξιν</span> <span class='ocrx_word' id='word_1_243' title='bbox 1850 1938 2021 2008; x_wconf 77' lang='grc' dir='ltr'>ἠξίουν,</span> <span class='ocrx_word' id='word_1_244' title='bbox 2078 1940 2266 2005; x_wconf 83' lang='grc' dir='ltr'>μεγάλα</span> <span class='ocrx_word' id='word_1_245' title='bbox 2319 1942 2455 2006; x_wconf 90' lang='grc' dir='ltr'>σφίσιν</span> <span class='ocrx_word' id='word_1_246' title='bbox 2511 1939 2709 2003; x_wconf 78' lang='grc' dir='ltr'>οἰόμενοι</span> 
     </span>
     <span class='ocr_line' id='line_1_24' title="bbox 399 2027 2709 2095; baseline -0 -17"><span class='ocrx_word' id='word_1_247' title='bbox 399 2029 564 2094; x_wconf 72' lang='grc' dir='ltr'>ἀγαθὰ</span> <span class='ocrx_word' id='word_1_248' title='bbox 602 2030 807 2095; x_wconf 81' lang='grc' dir='ltr'>ἔσεσθαι,</span> <span class='ocrx_word' id='word_1_249' title='bbox 848 2030 1018 2095; x_wconf 90' lang='grc' dir='ltr'>κυρίοις</span> <span class='ocrx_word' id='word_1_250' title='bbox 1057 2030 1147 2092; x_wconf 78' lang='grc' dir='ltr'>ἤδη</span> <span class='ocrx_word' id='word_1_251' title='bbox 1189 2037 1269 2078; x_wconf 87' lang='grc' dir='ltr'>τοῦ</span> <span class='ocrx_word' id='word_1_252' title='bbox 1323 2027 1563 2092; x_wconf 83' lang='grc' dir='ltr'>Ῥωμαίων</span> <span class='ocrx_word' id='word_1_253' title='bbox 1614 2036 1876 2095; x_wconf 80' lang='grc' dir='ltr'>στρατηγοῦ</span> <span class='ocrx_word' id='word_1_254' title='bbox 1924 2029 2204 2090; x_wconf 88' lang='grc' dir='ltr'>Χιλβουδίου</span> <span class='ocrx_word' id='word_1_255' title='bbox 2257 2032 2597 2094; x_wconf 87' lang='grc' dir='ltr'>γεγενημένοις.</span> <span class='ocrx_word' id='word_1_256' title='bbox 2651 2029 2709 2079; x_wconf 75' lang='grc' dir='ltr'>τα</span> 
     </span>
    </p>
   </div>
   <div class='ocr_carea' id='block_1_11' title="bbox 396 2115 2708 2185">
    <p class='ocr_par' dir='ltr' id='par_1_11' title="bbox 396 2115 2708 2185">
     <span class='ocr_line' id='line_1_25' title="bbox 396 2115 2708 2185; baseline -0 -18"><span class='ocrx_word' id='word_1_257' title='bbox 396 2119 486 2184; x_wconf 79' lang='grc' dir='ltr'>γαρ</span> <span class='ocrx_word' id='word_1_258' title='bbox 527 2119 646 2180; x_wconf 77' lang='grc' dir='ltr'>ἔθνη</span> <span class='ocrx_word' id='word_1_259' title='bbox 689 2123 848 2183; x_wconf 87' lang='grc' dir='ltr'>ταῦτα,</span> <span class='ocrx_word' id='word_1_260' title='bbox 889 2117 1159 2180; x_wconf 78' lang='grc' dir='ltr'>Σκλαβηνοί</span> <span class='ocrx_word' id='word_1_261' title='bbox 1197 2136 1247 2167; x_wconf 88' lang='grc' dir='ltr'>τε</span> <span class='ocrx_word' id='word_1_262' title='bbox 1288 2116 1368 2167; x_wconf 80' lang='grc' dir='ltr'>καὶ</span> <span class='ocrx_word' id='word_1_263' title='bbox 1406 2115 1587 2183; x_wconf 78' lang='grc' dir='ltr'>”Ανται,</span> <span class='ocrx_word' id='word_1_264' title='bbox 1629 2118 1715 2167; x_wconf 80' lang='grc' dir='ltr'>οὒκ</span> <span class='ocrx_word' id='word_1_265' title='bbox 1757 2119 1977 2184; x_wconf 75' lang='grc' dir='ltr'>ἄρχονται</span> <span class='ocrx_word' id='word_1_266' title='bbox 2014 2120 2130 2185; x_wconf 69' lang='grc' dir='ltr'>πρὶς</span> <span class='ocrx_word' id='word_1_267' title='bbox 2157 2118 2323 2185; x_wconf 69' lang='grc' dir='ltr'>ἀνδρδς</span> <span class='ocrx_word' id='word_1_268' title='bbox 2347 2119 2466 2185; x_wconf 73' lang='grc' dir='ltr'>ἑνδς,</span> <span class='ocrx_word' id='word_1_269' title='bbox 2506 2115 2619 2167; x_wconf 88' lang='grc' dir='ltr'>αλλ’</span> <span class='ocrx_word' id='word_1_270' title='bbox 2660 2118 2708 2167; x_wconf 88' lang='grc' dir='ltr'>ἐν</span> 
     </span>
    </p>
   </div>
   <div class='ocr_carea' id='block_1_12' title="bbox 399 2205 2709 2274">
    <p class='ocr_par' dir='ltr' id='par_1_12' title="bbox 399 2205 2709 2274">
     <span class='ocr_line' id='line_1_26' title="bbox 399 2205 2709 2274; baseline 0 -19"><span class='ocrx_word' id='word_1_271' title='bbox 399 2207 690 2272; x_wconf 80' lang='grc' dir='ltr'>δημοκρατίᾳ</span> <span class='ocrx_word' id='word_1_272' title='bbox 728 2206 786 2255; x_wconf 92' lang='grc' dir='ltr'>ἐκ</span> <span class='ocrx_word' id='word_1_273' title='bbox 825 2206 1024 2255; x_wconf 80' lang='grc' dir='ltr'>παλαιοῦ</span> <span class='ocrx_word' id='word_1_274' title='bbox 1064 2205 1328 2274; x_wconf 75' lang='grc' dir='ltr'>βιοτεύουσι,</span> <span class='ocrx_word' id='word_1_275' title='bbox 1370 2205 1449 2256; x_wconf 80' lang='grc' dir='ltr'>καὶ</span> <span class='ocrx_word' id='word_1_276' title='bbox 1491 2207 1562 2255; x_wconf 72' lang='grc' dir='ltr'>διὰ</span> <span class='ocrx_word' id='word_1_277' title='bbox 1601 2214 1738 2257; x_wconf 89' lang='grc' dir='ltr'>τοῦτο</span> <span class='ocrx_word' id='word_1_278' title='bbox 1779 2207 1933 2267; x_wconf 84' lang='grc' dir='ltr'>αύτοῖς</span> <span class='ocrx_word' id='word_1_279' title='bbox 1973 2212 2064 2257; x_wconf 85' lang='grc' dir='ltr'>τῶν</span> <span class='ocrx_word' id='word_1_280' title='bbox 2116 2209 2401 2274; x_wconf 70' lang='grc' dir='ltr'>πραγμάτων</span> <span class='ocrx_word' id='word_1_281' title='bbox 2442 2205 2512 2256; x_wconf 80' lang='grc' dir='ltr'>ἀεὶ</span> <span class='ocrx_word' id='word_1_282' title='bbox 2561 2209 2619 2256; x_wconf 87' lang='grc' dir='ltr'>τά</span> <span class='ocrx_word' id='word_1_283' title='bbox 2658 2225 2709 2256; x_wconf 90' lang='grc' dir='ltr'>τε</span> 
     </span>
    </p>
   </div>
   <div class='ocr_carea' id='block_1_13' title="bbox 398 2293 2710 2629">
    <p class='ocr_par' dir='ltr' id='par_1_13' title="bbox 398 2293 2711 2630">
     <span class='ocr_line' id='line_1_27' title="bbox 399 2293 2709 2362; baseline 0 -18"><span class='ocrx_word' id='word_1_284' title='bbox 399 2294 604 2362; x_wconf 80' lang='grc' dir='ltr'>ξύμφορα</span> <span class='ocrx_word' id='word_1_285' title='bbox 644 2293 723 2344; x_wconf 83' lang='grc' dir='ltr'>καὶ</span> <span class='ocrx_word' id='word_1_286' title='bbox 762 2296 819 2344; x_wconf 73' lang='grc' dir='ltr'>τὰ</span> <span class='ocrx_word' id='word_1_287' title='bbox 860 2295 1070 2344; x_wconf 88' lang='grc' dir='ltr'>δύσκολα</span> <span class='ocrx_word' id='word_1_288' title='bbox 1109 2296 1158 2354; x_wconf 88' lang='grc' dir='ltr'>ἐς</span> <span class='ocrx_word' id='word_1_289' title='bbox 1199 2297 1353 2345; x_wconf 70' lang='grc' dir='ltr'>κοινδν</span> <span class='ocrx_word' id='word_1_290' title='bbox 1395 2297 1568 2360; x_wconf 80' lang='grc' dir='ltr'>άγεται.</span> <span class='ocrx_word' id='word_1_291' title='bbox 1611 2297 1780 2358; x_wconf 72' lang='grc' dir='ltr'>δμοίως</span> <span class='ocrx_word' id='word_1_292' title='bbox 1822 2297 1871 2345; x_wconf 81' lang='grc' dir='ltr'>δὲ</span> <span class='ocrx_word' id='word_1_293' title='bbox 1912 2295 1992 2345; x_wconf 81' lang='grc' dir='ltr'>καὶ</span> <span class='ocrx_word' id='word_1_294' title='bbox 2031 2297 2088 2346; x_wconf 77' lang='grc' dir='ltr'>τα</span> <span class='ocrx_word' id='word_1_295' title='bbox 2129 2296 2259 2346; x_wconf 69' lang='grc' dir='ltr'>ἄλλα</span> <span class='ocrx_word' id='word_1_296' title='bbox 2279 2297 2343 2356; x_wconf 87' lang='grc' dir='ltr'>ὡς</span> <span class='ocrx_word' id='word_1_297' title='bbox 2367 2295 2504 2346; x_wconf 87' lang='grc' dir='ltr'>εἰπεῖν</span> <span class='ocrx_word' id='word_1_298' title='bbox 2530 2298 2709 2345; x_wconf 81' lang='grc' dir='ltr'>ἅπαντα</span> 
     </span>
     <span class='ocr_line' id='line_1_28' title="bbox 398 2382 2710 2452; baseline 0 -19"><span class='ocrx_word' id='word_1_299' title='bbox 398 2386 637 2450; x_wconf 82' lang='grc' dir='ltr'>ἑκατέροις</span> <span class='ocrx_word' id='word_1_300' title='bbox 678 2384 772 2433; x_wconf 89' lang='grc' dir='ltr'>ἐστί</span> <span class='ocrx_word' id='word_1_301' title='bbox 810 2402 860 2433; x_wconf 91' lang='grc' dir='ltr'>τε</span> <span class='ocrx_word' id='word_1_302' title='bbox 901 2382 979 2432; x_wconf 82' lang='grc' dir='ltr'>καὶ</span> <span class='ocrx_word' id='word_1_303' title='bbox 1018 2386 1274 2446; x_wconf 84' lang='grc' dir='ltr'>νενόμισται</span> <span class='ocrx_word' id='word_1_304' title='bbox 1311 2386 1490 2444; x_wconf 83' lang='grc' dir='ltr'>τούτοις</span> <span class='ocrx_word' id='word_1_305' title='bbox 1531 2386 1717 2434; x_wconf 72' lang='grc' dir='ltr'>ἄνωθεν</span> <span class='ocrx_word' id='word_1_306' title='bbox 1758 2389 1853 2444; x_wconf 89' lang='grc' dir='ltr'>τοῖς</span> <span class='ocrx_word' id='word_1_307' title='bbox 1893 2384 2154 2452; x_wconf 71' lang='grc' dir='ltr'>βαρβάροις.</span> <span class='ocrx_word' id='word_1_308' title='bbox 2195 2387 2313 2435; x_wconf 70' lang='grc' dir='ltr'>θεον</span> <span class='ocrx_word' id='word_1_309' title='bbox 2364 2387 2447 2448; x_wconf 82' lang='grc' dir='ltr'>μὲν</span> <span class='ocrx_word' id='word_1_310' title='bbox 2485 2385 2575 2451; x_wconf 74' lang='grc' dir='ltr'>γὰρ</span> <span class='ocrx_word' id='word_1_311' title='bbox 2631 2387 2710 2434; x_wconf 80' lang='grc' dir='ltr'>’ένα</span> 
     </span>
     <span class='ocr_line' id='line_1_29' title="bbox 401 2470 2708 2540; baseline -0 -18"><span class='ocrx_word' id='word_1_312' title='bbox 401 2474 480 2522; x_wconf 79' lang='grc' dir='ltr'>τ“ον</span> <span class='ocrx_word' id='word_1_313' title='bbox 522 2478 606 2535; x_wconf 88' lang='grc' dir='ltr'>τῆς</span> <span class='ocrx_word' id='word_1_314' title='bbox 646 2472 884 2535; x_wconf 47' lang='grc' dir='ltr'>ἀστραπῆς</span> <span class='ocrx_word' id='word_1_315' title='bbox 925 2473 1200 2538; x_wconf 76' lang='grc' dir='ltr'>δημιουργον</span> <span class='ocrx_word' id='word_1_316' title='bbox 1242 2475 1453 2522; x_wconf 79' lang='grc' dir='ltr'>ἁπάντων</span> <span class='ocrx_word' id='word_1_317' title='bbox 1479 2475 1634 2540; x_wconf 88' lang='grc' dir='ltr'>κύριον</span> <span class='ocrx_word' id='word_1_318' title='bbox 1659 2475 1800 2535; x_wconf 84' lang='grc' dir='ltr'>μόνον</span> <span class='ocrx_word' id='word_1_319' title='bbox 1826 2473 1962 2523; x_wconf 71' lang='grc' dir='ltr'>αύτὶον</span> <span class='ocrx_word' id='word_1_320' title='bbox 1985 2474 2232 2535; x_wconf 68' lang='grc' dir='ltr'>νομίζουσιν</span> <span class='ocrx_word' id='word_1_321' title='bbox 2260 2470 2385 2540; x_wconf 75' lang='grc' dir='ltr'>εἶναι,</span> <span class='ocrx_word' id='word_1_322' title='bbox 2422 2472 2502 2523; x_wconf 83' lang='grc' dir='ltr'>καὶ</span> <span class='ocrx_word' id='word_1_323' title='bbox 2523 2474 2708 2524; x_wconf 89' lang='grc' dir='ltr'>θύουσιν</span> 
     </span>
     <span class='ocr_line' id='line_1_30' title="bbox 408 2559 2698 2629; baseline 0 -18"><span class='ocrx_word' id='word_1_324' title='bbox 408 2561 532 2627; x_wconf 77' lang='grc' dir='ltr'>αύτῷ</span> <span class='ocrx_word' id='word_1_325' title='bbox 572 2561 686 2622; x_wconf 86' lang='grc' dir='ltr'>βόας</span> <span class='ocrx_word' id='word_1_326' title='bbox 726 2580 776 2611; x_wconf 90' lang='grc' dir='ltr'>τε</span> <span class='ocrx_word' id='word_1_327' title='bbox 818 2559 897 2610; x_wconf 83' lang='grc' dir='ltr'>καὶ</span> <span class='ocrx_word' id='word_1_328' title='bbox 933 2562 1074 2627; x_wconf 82' lang='grc' dir='ltr'>ἱερεῖα</span> <span class='ocrx_word' id='word_1_329' title='bbox 1114 2565 1307 2611; x_wconf 72' lang='grc' dir='ltr'>ἅπαντα·</span> <span class='ocrx_word' id='word_1_330' title='bbox 1350 2563 1625 2629; x_wconf 84' lang='grc' dir='ltr'>εἱμαρμένην</span> <span class='ocrx_word' id='word_1_331' title='bbox 1667 2563 1716 2611; x_wconf 83' lang='grc' dir='ltr'>δὲ</span> <span class='ocrx_word' id='word_1_332' title='bbox 1744 2563 1848 2612; x_wconf 79' lang='grc' dir='ltr'>οὔτε</span> <span class='ocrx_word' id='word_1_333' title='bbox 1870 2563 2011 2611; x_wconf 62' lang='grc' dir='ltr'>ἰ’τασιν</span> <span class='ocrx_word' id='word_1_334' title='bbox 2053 2562 2157 2612; x_wconf 79' lang='grc' dir='ltr'>οὔτε</span> <span class='ocrx_word' id='word_1_335' title='bbox 2180 2562 2345 2622; x_wconf 71' lang='grc' dir='ltr'>ἄλλως</span> <span class='ocrx_word' id='word_1_336' title='bbox 2367 2562 2673 2627; x_wconf 75' lang='grc' dir='ltr'>ὁμολογοῦσιν</span> <span class='ocrx_word' id='word_1_337' title='bbox 2695 2572 2698 2597; x_wconf 79' lang='lat'><strong>¹</strong></span> 
     </span>
    </p>
   </div>
   <div class='ocr_carea' id='block_1_14' title="bbox 398 2648 2708 2717">
    <p class='ocr_par' dir='ltr' id='par_1_14' title="bbox 398 2648 2708 2717">
     <span class='ocr_line' id='line_1_31' title="bbox 398 2648 2708 2717; baseline 0 -17"><span class='ocrx_word' id='word_1_338' title='bbox 398 2653 445 2700; x_wconf 84' lang='grc' dir='ltr'>’έν</span> <span class='ocrx_word' id='word_1_339' title='bbox 484 2669 539 2715; x_wconf 89' lang='grc' dir='ltr'>γε</span> <span class='ocrx_word' id='word_1_340' title='bbox 580 2649 847 2717; x_wconf 80' lang='grc' dir='ltr'>ἀνθρώποις</span> <span class='ocrx_word' id='word_1_341' title='bbox 890 2652 1031 2716; x_wconf 68' lang='grc' dir='ltr'>ῥοπήν</span> <span class='ocrx_word' id='word_1_342' title='bbox 1072 2669 1170 2700; x_wconf 92' lang='grc' dir='ltr'>τινα</span> <span class='ocrx_word' id='word_1_343' title='bbox 1210 2652 1348 2717; x_wconf 80' lang='grc' dir='ltr'>ἔχειν,</span> <span class='ocrx_word' id='word_1_344' title='bbox 1390 2648 1503 2699; x_wconf 83' lang='grc' dir='ltr'>ἀλλ’</span> <span class='ocrx_word' id='word_1_345' title='bbox 1546 2651 1726 2700; x_wconf 73' lang='grc' dir='ltr'>ἐπειδὰν</span> <span class='ocrx_word' id='word_1_346' title='bbox 1766 2651 1920 2710; x_wconf 80' lang='grc' dir='ltr'>αύτοῖς</span> <span class='ocrx_word' id='word_1_347' title='bbox 1961 2651 2009 2700; x_wconf 86' lang='grc' dir='ltr'>ἐν</span> <span class='ocrx_word' id='word_1_348' title='bbox 2048 2650 2177 2700; x_wconf 82' lang='grc' dir='ltr'>ποσὶν</span> <span class='ocrx_word' id='word_1_349' title='bbox 2215 2651 2305 2714; x_wconf 82' lang='grc' dir='ltr'>ήδη</span> <span class='ocrx_word' id='word_1_350' title='bbox 2347 2652 2370 2699; x_wconf 80' lang='grc' dir='ltr'>ἑ</span> <span class='ocrx_word' id='word_1_351' title='bbox 2391 2653 2602 2710; x_wconf 88' lang='grc' dir='ltr'>θάνατος</span> <span class='ocrx_word' id='word_1_352' title='bbox 2623 2651 2708 2717; x_wconf 80' lang='grc' dir='ltr'>εἴη,</span> 
     </span>
    </p>
   </div>
   <div class='ocr_carea' id='block_1_15' title="bbox 896 2740 907 2756">
    <p class='ocr_par' dir='ltr' id='par_1_15' title="bbox 896 2740 907 2756">
     <span class='ocr_line' id='line_1_32' title="bbox 896 2740 907 2756; baseline 0 0"><span class='ocrx_word' id='word_1_353' title='bbox 896 2740 907 2756; x_wconf 64' lang='lat'><em>5</em></span> 
     </span>
    </p>
   </div>
   <div class='ocr_carea' id='block_1_16' title="bbox 395 2739 2710 2983">
    <p class='ocr_par' dir='ltr' id='par_1_16' title="bbox 395 2739 2710 2983">
     <span class='ocr_line' id='line_1_33' title="bbox 395 2739 2708 2807; baseline -0 -20"><span class='ocrx_word' id='word_1_354' title='bbox 395 2743 424 2801; x_wconf 78' lang='grc' dir='ltr'>ἢ</span> <span class='ocrx_word' id='word_1_355' title='bbox 467 2741 585 2805; x_wconf 84' lang='grc' dir='ltr'>νόσῳ</span> <span class='ocrx_word' id='word_1_356' title='bbox 627 2739 810 2788; x_wconf 76' lang='grc' dir='ltr'>ἁλοῦσιν</span> <span class='ocrx_word' id='word_1_357' title='bbox 836 2743 865 2801; x_wconf 83' lang='grc' dir='ltr'>ῆ</span> <span class='ocrx_word' id='word_1_358' title='bbox 890 2758 938 2798; x_wconf 90' lang='grc' dir='ltr'>ες</span> <span class='ocrx_word' id='word_1_359' title='bbox 977 2740 1186 2802; x_wconf 84' lang='grc' dir='ltr'>πόλεμον</span> <span class='ocrx_word' id='word_1_360' title='bbox 1228 2742 1603 2806; x_wconf 83' lang='grc' dir='ltr'>καθισταμένοις,</span> <span class='ocrx_word' id='word_1_361' title='bbox 1630 2740 2005 2805; x_wconf 83' lang='grc' dir='ltr'>ἐπαγγέλλονται</span> <span class='ocrx_word' id='word_1_362' title='bbox 2024 2741 2124 2806; x_wconf 83' lang='grc' dir='ltr'>μὲν,</span> <span class='ocrx_word' id='word_1_363' title='bbox 2151 2743 2207 2801; x_wconf 81' lang='grc' dir='ltr'>ῆν</span> <span class='ocrx_word' id='word_1_364' title='bbox 2234 2740 2518 2807; x_wconf 87' lang='grc' dir='ltr'>διαφύγωσιν,</span> <span class='ocrx_word' id='word_1_365' title='bbox 2544 2740 2708 2790; x_wconf 89' lang='grc' dir='ltr'>θυσίαν</span> 
     </span>
     <span class='ocr_line' id='line_1_34' title="bbox 397 2826 2710 2899; baseline 0.001 -21"><span class='ocrx_word' id='word_1_366' title='bbox 397 2829 463 2894; x_wconf 72' lang='grc' dir='ltr'>τῷ</span> <span class='ocrx_word' id='word_1_367' title='bbox 492 2828 596 2893; x_wconf 79' lang='grc' dir='ltr'>θεῷ</span> <span class='ocrx_word' id='word_1_368' title='bbox 622 2826 719 2877; x_wconf 81' lang='grc' dir='ltr'>ἀντὶ</span> <span class='ocrx_word' id='word_1_369' title='bbox 744 2829 827 2888; x_wconf 78' lang='grc' dir='ltr'>τὴς</span> <span class='ocrx_word' id='word_1_370' title='bbox 855 2832 1007 2893; x_wconf 67' lang='grc' dir='ltr'>ψυχῆς</span> <span class='ocrx_word' id='word_1_371' title='bbox 1034 2828 1199 2878; x_wconf 86' lang='grc' dir='ltr'>αύτίκα</span> <span class='ocrx_word' id='word_1_372' title='bbox 1240 2831 1455 2895; x_wconf 79' lang='grc' dir='ltr'>ποιήσειν,</span> <span class='ocrx_word' id='word_1_373' title='bbox 1498 2830 1790 2894; x_wconf 70' lang='grc' dir='ltr'>διαφυγόντες</span> <span class='ocrx_word' id='word_1_374' title='bbox 1832 2830 1880 2878; x_wconf 81' lang='grc' dir='ltr'>δὲ</span> <span class='ocrx_word' id='word_1_375' title='bbox 1920 2831 2108 2880; x_wconf 78' lang='grc' dir='ltr'>θύουσιν</span> <span class='ocrx_word' id='word_1_376' title='bbox 2149 2833 2259 2897; x_wconf 77' lang='grc' dir='ltr'>ἕπερ</span> <span class='ocrx_word' id='word_1_377' title='bbox 2300 2833 2572 2899; x_wconf 87' lang='grc' dir='ltr'>ύπέσχοντο,</span> <span class='ocrx_word' id='word_1_378' title='bbox 2631 2830 2710 2881; x_wconf 79' lang='grc' dir='ltr'>καὶ</span> 
     </span>
     <span class='ocr_line' id='line_1_35' title="bbox 399 2917 2710 2983; baseline 0.001 -17"><span class='ocrx_word' id='word_1_379' title='bbox 399 2919 567 2966; x_wconf 78' lang='grc' dir='ltr'>οἴονται</span> <span class='ocrx_word' id='word_1_380' title='bbox 621 2917 704 2977; x_wconf 80' lang='grc' dir='ltr'>τὴν</span> <span class='ocrx_word' id='word_1_381' title='bbox 745 2918 970 2983; x_wconf 85' lang='grc' dir='ltr'>σωτηρίαν</span> <span class='ocrx_word' id='word_1_382' title='bbox 1011 2919 1182 2980; x_wconf 86' lang='grc' dir='ltr'>ταύτης</span> <span class='ocrx_word' id='word_1_383' title='bbox 1223 2918 1279 2978; x_wconf 78' lang='grc' dir='ltr'>δὴ</span> <span class='ocrx_word' id='word_1_384' title='bbox 1321 2924 1405 2981; x_wconf 90' lang='grc' dir='ltr'>τῆς</span> <span class='ocrx_word' id='word_1_385' title='bbox 1444 2919 1609 2977; x_wconf 83' lang='grc' dir='ltr'>θυσίας</span> <span class='ocrx_word' id='word_1_386' title='bbox 1652 2918 1806 2977; x_wconf 80' lang='grc' dir='ltr'>αύτοῖς</span> <span class='ocrx_word' id='word_1_387' title='bbox 1836 2919 2085 2982; x_wconf 80' lang='grc' dir='ltr'>ἐωνῆσθαι.</span> <span class='ocrx_word' id='word_1_388' title='bbox 2109 2919 2286 2981; x_wconf 88' lang='grc' dir='ltr'>σέβουσι</span> <span class='ocrx_word' id='word_1_389' title='bbox 2325 2923 2480 2982; x_wconf 88' lang='grc' dir='ltr'>μέντοι</span> <span class='ocrx_word' id='word_1_390' title='bbox 2519 2918 2598 2969; x_wconf 82' lang='grc' dir='ltr'>καὶ</span> <span class='ocrx_word' id='word_1_391' title='bbox 2623 2937 2710 2969; x_wconf 88' lang='grc' dir='ltr'>πο-</span> 
     </span>
    </p>
   </div>
   <div class='ocr_carea' id='block_1_17' title="bbox 1333 3008 1350 3020">
    <p class='ocr_par' dir='ltr' id='par_1_17' title="bbox 1333 3008 1350 3020">
     <span class='ocr_line' id='line_1_36' title="bbox 1333 3008 1350 3020; baseline 0.118 -2"><span class='ocrx_word' id='word_1_392' title='bbox 1333 3008 1350 3020; x_wconf 77' lang='grc' dir='ltr'><em>υ</em></span> 
     </span>
    </p>
   </div>
   <div class='ocr_carea' id='block_1_18' title="bbox 395 3003 2710 3519">
    <p class='ocr_par' dir='ltr' id='par_1_18' title="bbox 395 3003 2710 3519">
     <span class='ocr_line' id='line_1_37' title="bbox 398 3003 2708 3076; baseline 0.002 -23"><span class='ocrx_word' id='word_1_393' title='bbox 398 3007 572 3067; x_wconf 89' lang='grc' dir='ltr'>ταμούς</span> <span class='ocrx_word' id='word_1_394' title='bbox 613 3024 663 3054; x_wconf 89' lang='grc' dir='ltr'>τε</span> <span class='ocrx_word' id='word_1_395' title='bbox 704 3003 783 3054; x_wconf 80' lang='grc' dir='ltr'>καὶ</span> <span class='ocrx_word' id='word_1_396' title='bbox 822 3007 995 3071; x_wconf 83' lang='grc' dir='ltr'>νύμφας</span> <span class='ocrx_word' id='word_1_397' title='bbox 1046 3004 1125 3055; x_wconf 84' lang='grc' dir='ltr'>καὶ</span> <span class='ocrx_word' id='word_1_398' title='bbox 1168 3004 1279 3055; x_wconf 71' lang='grc' dir='ltr'>ἀλλ’</span> <span class='ocrx_word' id='word_1_399' title='bbox 1323 3025 1439 3056; x_wconf 92' lang='grc' dir='ltr'>αττα</span> <span class='ocrx_word' id='word_1_400' title='bbox 1480 3007 1700 3074; x_wconf 83' lang='grc' dir='ltr'>δαιμόνια,</span> <span class='ocrx_word' id='word_1_401' title='bbox 1758 3006 1837 3056; x_wconf 77' lang='grc' dir='ltr'>καὶ</span> <span class='ocrx_word' id='word_1_402' title='bbox 1875 3010 2063 3058; x_wconf 88' lang='grc' dir='ltr'>θύουσιν</span> <span class='ocrx_word' id='word_1_403' title='bbox 2103 3009 2256 3068; x_wconf 82' lang='grc' dir='ltr'>αύτοῖς</span> <span class='ocrx_word' id='word_1_404' title='bbox 2311 3013 2461 3076; x_wconf 71' lang='grc' dir='ltr'>ἅπασι,</span> <span class='ocrx_word' id='word_1_405' title='bbox 2516 3011 2600 3068; x_wconf 90' lang='grc' dir='ltr'>τάς</span> <span class='ocrx_word' id='word_1_406' title='bbox 2658 3027 2708 3058; x_wconf 90' lang='grc' dir='ltr'>τε</span> 
     </span>
     <span class='ocr_line' id='line_1_38' title="bbox 403 3095 2710 3164; baseline 0.002 -22"><span class='ocrx_word' id='word_1_407' title='bbox 403 3095 616 3156; x_wconf 80' lang='grc' dir='ltr'>μαντείας</span> <span class='ocrx_word' id='word_1_408' title='bbox 657 3095 704 3143; x_wconf 89' lang='grc' dir='ltr'>ἐν</span> <span class='ocrx_word' id='word_1_409' title='bbox 745 3096 928 3153; x_wconf 88' lang='grc' dir='ltr'>ταύταις</span> <span class='ocrx_word' id='word_1_410' title='bbox 970 3095 1025 3155; x_wconf 79' lang='grc' dir='ltr'>δὴ</span> <span class='ocrx_word' id='word_1_411' title='bbox 1067 3099 1164 3154; x_wconf 89' lang='grc' dir='ltr'>ταῖς</span> <span class='ocrx_word' id='word_1_412' title='bbox 1204 3096 1382 3155; x_wconf 85' lang='grc' dir='ltr'>θυσίαις</span> <span class='ocrx_word' id='word_1_413' title='bbox 1422 3102 1666 3163; x_wconf 72' lang='grc' dir='ltr'>ποιοῦνται,</span> <span class='ocrx_word' id='word_1_414' title='bbox 1711 3095 1883 3146; x_wconf 81' lang='grc' dir='ltr'>οἰκοῦσι</span> <span class='ocrx_word' id='word_1_415' title='bbox 1926 3097 1975 3146; x_wconf 83' lang='grc' dir='ltr'>δὲ</span> <span class='ocrx_word' id='word_1_416' title='bbox 2016 3098 2064 3147; x_wconf 88' lang='grc' dir='ltr'>ἐν</span> <span class='ocrx_word' id='word_1_417' title='bbox 2105 3097 2331 3158; x_wconf 83' lang='grc' dir='ltr'>καλύβαις</span> <span class='ocrx_word' id='word_1_418' title='bbox 2360 3097 2563 3164; x_wconf 82' lang='grc' dir='ltr'>οἰκτραῖς</span> <span class='ocrx_word' id='word_1_419' title='bbox 2589 3098 2710 3147; x_wconf 86' lang='grc' dir='ltr'>διεσ-</span> 
     </span>
     <span class='ocr_line' id='line_1_39' title="bbox 399 3181 2708 3251; baseline 0.001 -19"><span class='ocrx_word' id='word_1_420' title='bbox 399 3186 652 3245; x_wconf 87' lang='grc' dir='ltr'>κηνημένοι</span> <span class='ocrx_word' id='word_1_421' title='bbox 674 3182 860 3248; x_wconf 67' lang='grc' dir='ltr'>’πολλῷ</span> <span class='ocrx_word' id='word_1_422' title='bbox 901 3184 982 3245; x_wconf 80' lang='grc' dir='ltr'>μὲν</span> <span class='ocrx_word' id='word_1_423' title='bbox 1025 3181 1100 3231; x_wconf 83' lang='grc' dir='ltr'>ἀπ’</span> <span class='ocrx_word' id='word_1_424' title='bbox 1142 3183 1391 3251; x_wconf 83' lang='grc' dir='ltr'>ἀλλήλων,</span> <span class='ocrx_word' id='word_1_425' title='bbox 1433 3183 1702 3247; x_wconf 80' lang='grc' dir='ltr'>ἀμείβοντες</span> <span class='ocrx_word' id='word_1_426' title='bbox 1728 3186 1778 3234; x_wconf 82' lang='grc' dir='ltr'>δὲ</span> <span class='ocrx_word' id='word_1_427' title='bbox 1807 3187 1871 3244; x_wconf 85' lang='grc' dir='ltr'>ὡς</span> <span class='ocrx_word' id='word_1_428' title='bbox 1912 3187 1970 3235; x_wconf 78' lang='grc' dir='ltr'>τα</span> <span class='ocrx_word' id='word_1_429' title='bbox 2009 3186 2173 3236; x_wconf 75' lang='grc' dir='ltr'>πολλὰ</span> <span class='ocrx_word' id='word_1_430' title='bbox 2212 3187 2291 3236; x_wconf 68' lang='grc' dir='ltr'>τὶν</span> <span class='ocrx_word' id='word_1_431' title='bbox 2319 3191 2403 3249; x_wconf 86' lang='grc' dir='ltr'>τῆς</span> <span class='ocrx_word' id='word_1_432' title='bbox 2431 3187 2708 3248; x_wconf 78' lang='grc' dir='ltr'>ἐνοικήσεως</span> 
     </span>
     <span class='ocr_line' id='line_1_40' title="bbox 399 3272 2709 3341; baseline 0.001 -20"><span class='ocrx_word' id='word_1_433' title='bbox 399 3275 587 3321; x_wconf 82' lang='grc' dir='ltr'>ἕκαστοι</span> <span class='ocrx_word' id='word_1_434' title='bbox 636 3277 806 3338; x_wconf 82' lang='grc' dir='ltr'>χῶρον.</span> <span class='ocrx_word' id='word_1_435' title='bbox 849 3272 897 3331; x_wconf 89' lang='grc' dir='ltr'>ἐς</span> <span class='ocrx_word' id='word_1_436' title='bbox 936 3274 1093 3337; x_wconf 88' lang='grc' dir='ltr'>μάχην</span> <span class='ocrx_word' id='word_1_437' title='bbox 1135 3273 1185 3322; x_wconf 82' lang='grc' dir='ltr'>δὲ</span> <span class='ocrx_word' id='word_1_438' title='bbox 1226 3275 1561 3335; x_wconf 87' lang='grc' dir='ltr'>καθιστάμενοι</span> <span class='ocrx_word' id='word_1_439' title='bbox 1598 3276 1710 3341; x_wconf 78' lang='grc' dir='ltr'>πεζῇ</span> <span class='ocrx_word' id='word_1_440' title='bbox 1752 3276 1835 3336; x_wconf 85' lang='grc' dir='ltr'>μὲν</span> <span class='ocrx_word' id='word_1_441' title='bbox 1875 3273 1947 3324; x_wconf 81' lang='grc' dir='ltr'>ἐπὶ</span> <span class='ocrx_word' id='word_1_442' title='bbox 1986 3275 2093 3334; x_wconf 71' lang='grc' dir='ltr'>τοὺς</span> <span class='ocrx_word' id='word_1_443' title='bbox 2146 3275 2400 3337; x_wconf 88' lang='grc' dir='ltr'>πολεμίους</span> <span class='ocrx_word' id='word_1_444' title='bbox 2441 3275 2481 3324; x_wconf 80' lang='grc' dir='ltr'>οἱ</span> <span class='ocrx_word' id='word_1_445' title='bbox 2533 3274 2709 3324; x_wconf 75' lang='grc' dir='ltr'>πολλοὶ</span> 
     </span>
     <span class='ocr_line' id='line_1_41' title="bbox 395 3359 2706 3430; baseline 0.001 -20"><span class='ocrx_word' id='word_1_446' title='bbox 395 3363 509 3410; x_wconf 81' lang='grc' dir='ltr'>ἴασιν</span> <span class='ocrx_word' id='word_1_447' title='bbox 551 3359 728 3409; x_wconf 84' lang='grc' dir='ltr'>ἀσπίδια</span> <span class='ocrx_word' id='word_1_448' title='bbox 770 3359 847 3409; x_wconf 80' lang='grc' dir='ltr'>καὶ</span> <span class='ocrx_word' id='word_1_449' title='bbox 887 3360 1079 3410; x_wconf 83' lang='grc' dir='ltr'>ἀκόντια</span> <span class='ocrx_word' id='word_1_450' title='bbox 1118 3362 1165 3411; x_wconf 89' lang='grc' dir='ltr'>ἐν</span> <span class='ocrx_word' id='word_1_451' title='bbox 1204 3360 1359 3428; x_wconf 77' lang='grc' dir='ltr'>χερσὶν</span> <span class='ocrx_word' id='word_1_452' title='bbox 1399 3363 1607 3429; x_wconf 81' lang='grc' dir='ltr'>ἔχοντες,</span> <span class='ocrx_word' id='word_1_453' title='bbox 1654 3366 1859 3430; x_wconf 81' lang='grc' dir='ltr'>θώρακα</span> <span class='ocrx_word' id='word_1_454' title='bbox 1901 3365 1950 3413; x_wconf 85' lang='grc' dir='ltr'>δὲ</span> <span class='ocrx_word' id='word_1_455' title='bbox 1992 3364 2168 3426; x_wconf 81' lang='grc' dir='ltr'>ούδαμῆ</span> <span class='ocrx_word' id='word_1_456' title='bbox 2193 3364 2544 3414; x_wconf 89' lang='grc' dir='ltr'>ἐνδιδύσκονται.</span> <span class='ocrx_word' id='word_1_457' title='bbox 2588 3365 2706 3422; x_wconf 80' lang='grc' dir='ltr'>τινὲς</span> 
     </span>
     <span class='ocr_line' id='line_1_42' title="bbox 400 3449 2708 3519; baseline 0.002 -21"><span class='ocrx_word' id='word_1_458' title='bbox 400 3451 450 3498; x_wconf 80' lang='grc' dir='ltr'>δὲ</span> <span class='ocrx_word' id='word_1_459' title='bbox 491 3449 596 3498; x_wconf 81' lang='grc' dir='ltr'>ούδὲ</span> <span class='ocrx_word' id='word_1_460' title='bbox 623 3454 797 3515; x_wconf 81' lang='grc' dir='ltr'>χιτῶνα</span> <span class='ocrx_word' id='word_1_461' title='bbox 824 3450 928 3498; x_wconf 82' lang='grc' dir='ltr'>ούδὲ</span> <span class='ocrx_word' id='word_1_462' title='bbox 960 3449 1193 3516; x_wconf 80' lang='grc' dir='ltr'>τριβώνιον</span> <span class='ocrx_word' id='word_1_463' title='bbox 1222 3452 1418 3517; x_wconf 83' lang='grc' dir='ltr'>ἔχουσιν,</span> <span class='ocrx_word' id='word_1_464' title='bbox 1460 3451 1591 3500; x_wconf 74' lang='grc' dir='ltr'>ἀλλὰ</span> <span class='ocrx_word' id='word_1_465' title='bbox 1618 3453 1761 3514; x_wconf 81' lang='grc' dir='ltr'>μόνας</span> <span class='ocrx_word' id='word_1_466' title='bbox 1789 3453 1873 3511; x_wconf 79' lang='grc' dir='ltr'>τὰς</span> <span class='ocrx_word' id='word_1_467' title='bbox 1899 3450 2168 3519; x_wconf 83' lang='grc' dir='ltr'>ἀναξυρίδας</span> <span class='ocrx_word' id='word_1_468' title='bbox 2194 3453 2552 3518; x_wconf 84' lang='grc' dir='ltr'>ἐναρμοσάμενοι</span> <span class='ocrx_word' id='word_1_469' title='bbox 2572 3454 2708 3518; x_wconf 88' lang='grc' dir='ltr'>μέχρι</span> 
     </span>
    </p>
   </div>
   <div class='ocr_carea' id='block_1_19' title="bbox 399 3536 2706 3604">
    <p class='ocr_par' dir='ltr' id='par_1_19' title="bbox 399 3536 2706 3604">
     <span class='ocr_line' id='line_1_43' title="bbox 399 3536 2706 3604; baseline 0.002 -18"><span class='ocrx_word' id='word_1_470' title='bbox 399 3539 448 3597; x_wconf 83' lang='grc' dir='ltr'>ἐς</span> <span class='ocrx_word' id='word_1_471' title='bbox 476 3539 532 3587; x_wconf 78' lang='grc' dir='ltr'>τα</span> <span class='ocrx_word' id='word_1_472' title='bbox 557 3536 718 3604; x_wconf 80' lang='grc' dir='ltr'>αἰδοῖα,</span> <span class='ocrx_word' id='word_1_473' title='bbox 753 3539 872 3587; x_wconf 82' lang='grc' dir='ltr'>ούτω</span> <span class='ocrx_word' id='word_1_474' title='bbox 914 3539 970 3599; x_wconf 79' lang='grc' dir='ltr'>δη</span> <span class='ocrx_word' id='word_1_475' title='bbox 1011 3539 1060 3597; x_wconf 88' lang='grc' dir='ltr'>ἐς</span> <span class='ocrx_word' id='word_1_476' title='bbox 1101 3537 1341 3601; x_wconf 75' lang='grc' dir='ltr'>ξυμβολὴν</span> <span class='ocrx_word' id='word_1_477' title='bbox 1382 3543 1477 3598; x_wconf 90' lang='grc' dir='ltr'>τοῖς</span> <span class='ocrx_word' id='word_1_478' title='bbox 1517 3540 1734 3600; x_wconf 90' lang='grc' dir='ltr'>ἐναντίοις</span> <span class='ocrx_word' id='word_1_479' title='bbox 1776 3542 2099 3590; x_wconf 89' lang='grc' dir='ltr'>καθίστανται.</span> <span class='ocrx_word' id='word_1_480' title='bbox 2143 3542 2237 3590; x_wconf 89' lang='grc' dir='ltr'>ἐ’στι</span> <span class='ocrx_word' id='word_1_481' title='bbox 2277 3541 2327 3590; x_wconf 81' lang='grc' dir='ltr'>δὲ</span> <span class='ocrx_word' id='word_1_482' title='bbox 2368 3539 2446 3590; x_wconf 84' lang='grc' dir='ltr'>καὶ</span> <span class='ocrx_word' id='word_1_483' title='bbox 2472 3542 2551 3603; x_wconf 91' lang='grc' dir='ltr'>μία</span> <span class='ocrx_word' id='word_1_484' title='bbox 2590 3543 2706 3590; x_wconf 85' lang='grc' dir='ltr'>ἑκα-</span> 
     </span>
    </p>
   </div>
   <div class='ocr_carea' id='block_1_20' title="bbox 400 3625 2705 3784">
    <p class='ocr_par' dir='ltr' id='par_1_20' title="bbox 400 3625 2705 3784">
     <span class='ocr_line' id='line_1_44' title="bbox 400 3625 2704 3694; baseline 0.001 -18"><span class='ocrx_word' id='word_1_485' title='bbox 400 3630 547 3692; x_wconf 90' lang='grc' dir='ltr'>τέροις</span> <span class='ocrx_word' id='word_1_486' title='bbox 587 3627 712 3691; x_wconf 77' lang='grc' dir='ltr'>φωνὴ</span> <span class='ocrx_word' id='word_1_487' title='bbox 755 3625 964 3692; x_wconf 83' lang='grc' dir='ltr'>ἀτεχνῶς</span> <span class='ocrx_word' id='word_1_488' title='bbox 1004 3627 1249 3694; x_wconf 87' lang='grc' dir='ltr'>βάρβαρος.</span> <span class='ocrx_word' id='word_1_489' title='bbox 1293 3628 1342 3677; x_wconf 84' lang='grc' dir='ltr'>ού</span> <span class='ocrx_word' id='word_1_490' title='bbox 1384 3630 1467 3690; x_wconf 81' lang='grc' dir='ltr'>μὲν</span> <span class='ocrx_word' id='word_1_491' title='bbox 1509 3629 1612 3678; x_wconf 72' lang='grc' dir='ltr'>οὐδὲ</span> <span class='ocrx_word' id='word_1_492' title='bbox 1653 3631 1704 3678; x_wconf 78' lang='grc' dir='ltr'>τ“ο</span> <span class='ocrx_word' id='word_1_493' title='bbox 1747 3627 1867 3688; x_wconf 77' lang='grc' dir='ltr'>εἶδος</span> <span class='ocrx_word' id='word_1_494' title='bbox 1908 3631 1956 3688; x_wconf 85' lang='grc' dir='ltr'>ἐς</span> <span class='ocrx_word' id='word_1_495' title='bbox 1997 3629 2245 3691; x_wconf 79' lang='grc' dir='ltr'>ἀλλήλους</span> <span class='ocrx_word' id='word_1_496' title='bbox 2272 3648 2314 3679; x_wconf 94' lang='grc' dir='ltr'>τι</span> <span class='ocrx_word' id='word_1_497' title='bbox 2340 3629 2704 3679; x_wconf 89' lang='grc' dir='ltr'>διαλλάσσουσιν.</span> 
     </span>
     <span class='ocr_line' id='line_1_45' title="bbox 400 3714 2705 3784; baseline 0.001 -20"><span class='ocrx_word' id='word_1_498' title='bbox 400 3715 617 3777; x_wconf 66' lang='grc' dir='ltr'>εὐμήκεις</span> <span class='ocrx_word' id='word_1_499' title='bbox 639 3733 688 3764; x_wconf 89' lang='grc' dir='ltr'>τε</span> <span class='ocrx_word' id='word_1_500' title='bbox 715 3716 803 3780; x_wconf 73' lang='grc' dir='ltr'>γὰρ</span> <span class='ocrx_word' id='word_1_501' title='bbox 846 3714 923 3764; x_wconf 75' lang='grc' dir='ltr'>καὶ</span> <span class='ocrx_word' id='word_1_502' title='bbox 963 3716 1154 3777; x_wconf 81' lang='grc' dir='ltr'>άλκιμοι</span> <span class='ocrx_word' id='word_1_503' title='bbox 1201 3717 1504 3783; x_wconf 71' lang='grc' dir='ltr'>διαφερόντως</span> <span class='ocrx_word' id='word_1_504' title='bbox 1545 3717 1648 3767; x_wconf 75' lang='grc' dir='ltr'>εἷ’·ὶν</span> <span class='ocrx_word' id='word_1_505' title='bbox 1678 3721 1892 3784; x_wconf 78' lang='grc' dir='ltr'>σ’ὶπαντες,</span> <span class='ocrx_word' id='word_1_506' title='bbox 1933 3718 1991 3768; x_wconf 76' lang='grc' dir='ltr'>τὰ</span> <span class='ocrx_word' id='word_1_507' title='bbox 2021 3719 2070 3767; x_wconf 83' lang='grc' dir='ltr'>δὲ</span> <span class='ocrx_word' id='word_1_508' title='bbox 2093 3722 2284 3780; x_wconf 81' lang='grc' dir='ltr'>σώματα</span> <span class='ocrx_word' id='word_1_509' title='bbox 2325 3716 2404 3766; x_wconf 76' lang='grc' dir='ltr'>καὶ</span> <span class='ocrx_word' id='word_1_510' title='bbox 2442 3718 2524 3776; x_wconf 80' lang='grc' dir='ltr'>τὰς</span> <span class='ocrx_word' id='word_1_511' title='bbox 2551 3719 2705 3780; x_wconf 88' lang='grc' dir='ltr'>κόμας</span> 
     </span>
    </p>
   </div>
   <div class='ocr_carea' id='block_1_21' title="bbox 401 3801 2706 4138">
    <p class='ocr_par' dir='ltr' id='par_1_21' title="bbox 401 3801 2706 4138">
     <span class='ocr_line' id='line_1_46' title="bbox 403 3801 2704 3872; baseline 0.001 -20"><span class='ocrx_word' id='word_1_512' title='bbox 403 3805 506 3852; x_wconf 76' lang='grc' dir='ltr'>οὔτε</span> <span class='ocrx_word' id='word_1_513' title='bbox 532 3801 696 3852; x_wconf 87' lang='grc' dir='ltr'>λευκοὶ</span> <span class='ocrx_word' id='word_1_514' title='bbox 734 3804 782 3862; x_wconf 89' lang='grc' dir='ltr'>ἐς</span> <span class='ocrx_word' id='word_1_515' title='bbox 823 3805 939 3868; x_wconf 74' lang='grc' dir='ltr'>ἄγαν</span> <span class='ocrx_word' id='word_1_516' title='bbox 978 3808 1006 3865; x_wconf 80' lang='grc' dir='ltr'>ἢ</span> <span class='ocrx_word' id='word_1_517' title='bbox 1049 3802 1216 3863; x_wconf 82' lang='grc' dir='ltr'>ξανθοί</span> <span class='ocrx_word' id='word_1_518' title='bbox 1255 3805 1358 3854; x_wconf 56' lang='grc' dir='ltr'>εἰσιν</span> <span class='ocrx_word' id='word_1_519' title='bbox 1399 3807 1505 3855; x_wconf 78' lang='grc' dir='ltr'>οὔτε</span> <span class='ocrx_word' id='word_1_520' title='bbox 1542 3825 1605 3868; x_wconf 87' lang='grc' dir='ltr'>πη</span> <span class='ocrx_word' id='word_1_521' title='bbox 1646 3807 1695 3865; x_wconf 87' lang='grc' dir='ltr'>ἐς</span> <span class='ocrx_word' id='word_1_522' title='bbox 1735 3808 1787 3855; x_wconf 75' lang='grc' dir='ltr'>τὶο</span> <span class='ocrx_word' id='word_1_523' title='bbox 1816 3807 1964 3868; x_wconf 89' lang='grc' dir='ltr'>μέλαν</span> <span class='ocrx_word' id='word_1_524' title='bbox 1993 3807 2146 3866; x_wconf 71' lang='grc' dir='ltr'>αὐτοῖς</span> <span class='ocrx_word' id='word_1_525' title='bbox 2172 3806 2417 3865; x_wconf 83' lang='grc' dir='ltr'>παντελῶς</span> <span class='ocrx_word' id='word_1_526' title='bbox 2443 3809 2704 3872; x_wconf 88' lang='grc' dir='ltr'>τέτραπται,</span> 
     </span>
     <span class='ocr_line' id='line_1_47' title="bbox 401 3889 2706 3961; baseline 0.001 -22"><span class='ocrx_word' id='word_1_527' title='bbox 401 3889 514 3939; x_wconf 83' lang='grc' dir='ltr'>ἀλλ’</span> <span class='ocrx_word' id='word_1_528' title='bbox 557 3893 805 3957; x_wconf 84' lang='grc' dir='ltr'>ύπέρυθροί</span> <span class='ocrx_word' id='word_1_529' title='bbox 844 3891 948 3941; x_wconf 78' lang='grc' dir='ltr'>εἰσιν</span> <span class='ocrx_word' id='word_1_530' title='bbox 990 3896 1201 3952; x_wconf 72' lang='grc' dir='ltr'>ἅπαντες.</span> <span class='ocrx_word' id='word_1_531' title='bbox 1245 3895 1414 3944; x_wconf 88' lang='grc' dir='ltr'>δίαιταν</span> <span class='ocrx_word' id='word_1_532' title='bbox 1455 3896 1505 3944; x_wconf 82' lang='grc' dir='ltr'>δὲ</span> <span class='ocrx_word' id='word_1_533' title='bbox 1544 3895 1756 3960; x_wconf 90' lang='grc' dir='ltr'>σκληράν</span> <span class='ocrx_word' id='word_1_534' title='bbox 1797 3913 1846 3944; x_wconf 86' lang='grc' dir='ltr'>τε</span> <span class='ocrx_word' id='word_1_535' title='bbox 1896 3893 1974 3944; x_wconf 80' lang='grc' dir='ltr'>καὶ</span> <span class='ocrx_word' id='word_1_536' title='bbox 2020 3894 2401 3961; x_wconf 68' lang='grc' dir='ltr'>ἀπημελημένην,</span> <span class='ocrx_word' id='word_1_537' title='bbox 2454 3897 2605 3960; x_wconf 83' lang='grc' dir='ltr'>ὥσπερ</span> <span class='ocrx_word' id='word_1_538' title='bbox 2665 3894 2706 3943; x_wconf 77' lang='grc' dir='ltr'>οἱ</span> 
     </span>
     <span class='ocr_line' id='line_1_48' title="bbox 403 3979 2705 4051; baseline 0.001 -24"><span class='ocrx_word' id='word_1_539' title='bbox 403 3981 716 4046; x_wconf 80' lang='grc' dir='ltr'>Μασσαγέται,</span> <span class='ocrx_word' id='word_1_540' title='bbox 759 3979 837 4028; x_wconf 83' lang='grc' dir='ltr'>καὶ</span> <span class='ocrx_word' id='word_1_541' title='bbox 875 3979 1003 4029; x_wconf 71' lang='grc' dir='ltr'>αὐτοὶ</span> <span class='ocrx_word' id='word_1_542' title='bbox 1042 3983 1210 4048; x_wconf 78' lang='grc' dir='ltr'>ἔχουσι,</span> <span class='ocrx_word' id='word_1_543' title='bbox 1252 3981 1330 4031; x_wconf 82' lang='grc' dir='ltr'>καὶ</span> <span class='ocrx_word' id='word_1_544' title='bbox 1371 3985 1509 4049; x_wconf 77' lang='grc' dir='ltr'>ρύπου</span> <span class='ocrx_word' id='word_1_545' title='bbox 1547 3981 1663 4051; x_wconf 77' lang='grc' dir='ltr'>ᾗπερ</span> <span class='ocrx_word' id='word_1_546' title='bbox 1698 3983 1864 4032; x_wconf 88' lang='grc' dir='ltr'>ἐκεῖνοι</span> <span class='ocrx_word' id='word_1_547' title='bbox 1891 3982 2259 4048; x_wconf 87' lang='grc' dir='ltr'>ἐνδελεχέστατα</span> <span class='ocrx_word' id='word_1_548' title='bbox 2285 3985 2488 4048; x_wconf 85' lang='grc' dir='ltr'>γέμουσι,</span> <span class='ocrx_word' id='word_1_549' title='bbox 2513 3979 2705 4047; x_wconf 80' lang='grc' dir='ltr'>πονηροὶ</span> 
     </span>
     <span class='ocr_line' id='line_1_49' title="bbox 406 4060 2706 4138; baseline 0.001 -22"><span class='ocrx_word' id='word_1_550' title='bbox 406 4071 559 4130; x_wconf 89' lang='grc' dir='ltr'>μέντοι</span> <span class='ocrx_word' id='word_1_551' title='bbox 597 4072 625 4129; x_wconf 82' lang='grc' dir='ltr'>ἢ</span> <span class='ocrx_word' id='word_1_552' title='bbox 668 4075 923 4134; x_wconf 85' lang='grc' dir='ltr'>κακοῦργοι</span> <span class='ocrx_word' id='word_1_553' title='bbox 960 4065 975 4138; x_wconf 70' lang='grc' dir='ltr'>Η</span> <span class='ocrx_word' id='word_1_554' title='bbox 1008 4070 1071 4127; x_wconf 86' lang='grc' dir='ltr'>ὡς</span> <span class='ocrx_word' id='word_1_555' title='bbox 1110 4060 1276 4132; x_wconf 74' lang='grc' dir='ltr'>ἥκιστα</span> <span class='ocrx_word' id='word_1_556' title='bbox 1316 4075 1614 4137; x_wconf 85' lang='grc' dir='ltr'>τυγχάνουσιν</span> <span class='ocrx_word' id='word_1_557' title='bbox 1656 4072 1802 4136; x_wconf 71' lang='grc' dir='ltr'>ἰόντες,</span> <span class='ocrx_word' id='word_1_558' title='bbox 1842 4070 1973 4119; x_wconf 74' lang='grc' dir='ltr'>ἀλλὰ</span> <span class='ocrx_word' id='word_1_559' title='bbox 2014 4070 2105 4120; x_wconf 57' lang='grc' dir='ltr'>κάν,</span> <span class='ocrx_word' id='word_1_560' title='bbox 2142 4071 2207 4136; x_wconf 81' lang='grc' dir='ltr'>τῷ</span> <span class='ocrx_word' id='word_1_561' title='bbox 2248 4069 2408 4135; x_wconf 79' lang='grc' dir='ltr'>ἀφελεῖ</span> <span class='ocrx_word' id='word_1_562' title='bbox 2446 4070 2706 4128; x_wconf 76' lang='grc' dir='ltr'>διασώζουσι</span> 
     </span>
    </p>
   </div>
   <div class='ocr_carea' id='block_1_22' title="bbox 405 4155 2703 4222">
    <p class='ocr_par' dir='ltr' id='par_1_22' title="bbox 405 4155 2703 4222">
     <span class='ocr_line' id='line_1_50' title="bbox 405 4155 2703 4222; baseline 0 -17"><span class='ocrx_word' id='word_1_563' title='bbox 405 4158 456 4206; x_wconf 72' lang='grc' dir='ltr'>τ“ο</span> <span class='ocrx_word' id='word_1_564' title='bbox 498 4157 720 4205; x_wconf 71' lang='grc' dir='ltr'>Ούννικδν</span> <span class='ocrx_word' id='word_1_565' title='bbox 759 4155 899 4218; x_wconf 77' lang='grc' dir='ltr'>ἦθος.</span> <span class='ocrx_word' id='word_1_566' title='bbox 943 4157 1022 4206; x_wconf 80' lang='grc' dir='ltr'>καὶ</span> <span class='ocrx_word' id='word_1_567' title='bbox 1060 4160 1142 4220; x_wconf 81' lang='grc' dir='ltr'>μὲν</span> <span class='ocrx_word' id='word_1_568' title='bbox 1183 4158 1262 4208; x_wconf 81' lang='grc' dir='ltr'>καὶ</span> <span class='ocrx_word' id='word_1_569' title='bbox 1302 4160 1446 4222; x_wconf 78' lang='grc' dir='ltr'>’ένομα</span> <span class='ocrx_word' id='word_1_570' title='bbox 1484 4159 1780 4222; x_wconf 78' lang='grc' dir='ltr'>Σκλαβηνοῖς</span> <span class='ocrx_word' id='word_1_571' title='bbox 1820 4177 1870 4208; x_wconf 88' lang='grc' dir='ltr'>τε</span> <span class='ocrx_word' id='word_1_572' title='bbox 1911 4158 1989 4208; x_wconf 82' lang='grc' dir='ltr'>καὶ</span> <span class='ocrx_word' id='word_1_573' title='bbox 2028 4156 2219 4217; x_wconf 75' lang='grc' dir='ltr'>’Άνταις</span> <span class='ocrx_word' id='word_1_574' title='bbox 2270 4161 2319 4207; x_wconf 83' lang='grc' dir='ltr'>’ἐν</span> <span class='ocrx_word' id='word_1_575' title='bbox 2360 4160 2412 4208; x_wconf 60' lang='lat' dir='ltr'>:b</span> <span class='ocrx_word' id='word_1_576' title='bbox 2466 4157 2703 4208; x_wconf 83' lang='grc' dir='ltr'>ἀνέκαθεν</span> 
     </span>
    </p>
   </div>
  </div>
 </body>
</html>
