2872 4504
349 226 432 265 178
1324 210 1391 263 St.
1424 223 1524 269 137,
1556 225 1657 264 138.

347 400 430 458 τὰς
468 399 722 464 χειμερινὰς
762 397 1021 463 ἀπστροφὰς
1061 401 1140 445 τσῦ
1179 395 1297 444 λαοῦ
1337 396 1394 444 ἐκ
1434 401 1517 458 τῆς
1555 401 1644 445 τῶν
1683 395 1950 446 Σκλαυινῶν
1989 401 2148 464 χώρας
2187 399 2458 468 ἀρύσασθαι,
2514 403 2638 462 ὅπως

347 488 410 549 μὴ
452 487 669 549 δημοσίας
709 487 900 546 σιτήσεις
939 484 1220 548 ἀναγκασθῆ
1261 486 1357 542 τοῖς
1397 481 1637 548 Ῥωμαίοις
1675 485 2047 550 παρασχέσθαι.ιι

521 590 817 640 Anastasii
872 587 1360 651 chronographia
1412 587 1722 651 tripertita.
1779 584 1897 655 (Ed.
1945 585 2004 639 C.
2050 588 2114 637 de
2153 588 2311 647 Boor,
2371 607 2420 654 p.
2479 588 2621 657 176);

352 677 566 737 „Mundi
609 693 747 726 anno
788 660 1081 734 VIXCHH,
1137 675 1340 723 divinae
1394 677 1760 724 incarnationis
1813 691 1951 724 anno
2005 674 2259 738 DXCIIII,
2318 693 2457 727 anno
2514 694 2631 729 vero

347 767 547 832 imperii
603 767 684 814 sui
735 767 826 833 (sc.
866 760 1122 830 Mauricii)
1174 764 1423 813 vicesimo
1452 802 1464 813 .
1490 801 1502 812 .
1532 801 1542 812 .
1574 765 1729 828 igitur
1768 765 2009 812 autumni
2048 773 2286 830 tempore
2326 765 2618 826 accedente,

347 871 467 904 cum
506 853 789 902 Mauricius
830 855 1113 917 imperator
1148 853 1378 899 iussisset
1404 849 1577 914 Petro,
1617 860 1676 899 ut
1699 853 1751 898 in
1777 848 2140 900 Sclavinorum
2167 854 2379 918 regione
2405 855 2636 919 populus

346 942 614 998 hiemaret,
677 942 974 989 restiterunt
1024 939 1268 1007 Romani,
1314 937 1416 988 hoc
1472 937 1636 987 facere
1675 955 1783 986 non
1826 941 2223 1007 consentienteS‚
2279 949 2388 988 tam
2428 952 2642 1007 propter

346 1045 606 1098 equorum
632 1027 1055 1077 humiliationem
1086 1043 1246 1093 quam
1274 1035 1488 1091 propter
1527 1026 1674 1092 quod
1714 1027 1984 1090 copiosam
2026 1027 2474 1076 circumducerent
2497 1043 2643 1094 prae-

344 1120 482 1176 dam,
526 1133 620 1167 nec
660 1133 768 1166 non
811 1126 860 1165 et
900 1116 968 1164 ob
1010 1114 1373 1164 multitudines
1415 1114 1770 1181 barbarorum,
1809 1130 1944 1180 quae
1984 1129 2076 1178 per
2114 1116 2381 1180 regionem
2424 1113 2640 1165 diffusae

344 1205 773 1270 dinoscebantur;
805 1213 855 1253 et
879 1203 1191 1252 seditionem
1218 1201 1449 1275 meditati
1477 1212 1614 1252 sunt.
1657 1211 1866 1266 praetor
1904 1211 2082 1250 autem
2122 1201 2418 1267 indignatus
2459 1214 2638 1253 contra

343 1294 602 1361 populum
634 1295 684 1341 in
713 1292 1158 1340 dementationem
1189 1305 1279 1338 eos
1307 1291 1537 1340 immisit.
1563 1289 1800 1338 incidunt
1839 1291 2017 1356 itaque
2058 1289 2265 1355 pluviae
2305 1289 2642 1341 creberrimae

344 1397 500 1448 super
538 1381 802 1446 populum
856 1390 906 1428 et
945 1377 1106 1445 frigus
1148 1378 1393 1428 multum.
1435 1377 1615 1426 Petrus
1656 1388 1833 1425 autem
1872 1379 2053 1444 viginti
2094 1377 2304 1426 milibus
2345 1379 2532 1443 procul
2572 1378 2636 1427 ab

346 1472 569 1519 exercitu
624 1470 942 1519 morabatur.
999 1466 1285 1517 Mauricius
1340 1476 1515 1515 autem
1565 1464 1717 1514 Petro
1759 1480 1851 1530 per
1890 1465 2081 1514 litteras
2123 1465 2378 1514 molestus
2417 1476 2538 1526 erat,
2588 1477 2646 1515 ut

344 1559 585 1609 Histrum
613 1559 852 1606 transiret
878 1566 926 1605 et
952 1555 1203 1604 hiemales
1233 1570 1373 1603 escas
1413 1554 1599 1619 populi
1640 1554 1704 1602 de
1745 1552 2108 1603 Sclavinorum
2149 1563 2379 1603 sumeret
2417 1556 2648 1622 regione,

346 1664 410 1697 ne
450 1649 694 1697 alimenta
737 1645 945 1709 publica
986 1653 1259 1709 cogeretur
1298 1641 1554 1691 Romanis
1594 1639 1887 1708 praeberef‘

521 1750 788 1801 Historia
846 1749 1126 1815 miscella,
1187 1747 1274 1799 lib.
1316 1744 1459 1795 XVII
1518 1743 1733 1814 (Migne‚
1794 1745 2137 1813 Patrologiae‚
2195 1743 2301 1797 Ser.
2335 1746 2436 1804 lat„
2484 1743 2646 1812 XCV,

345 1857 397 1906 p.
436 1837 616 1907 1017):
647 1842 838 1907 „Anno
862 1852 984 1885 vero
1027 1837 1231 1901 imperii
1271 1836 1350 1883 sui
1374 1831 1466 1903 (sc.
1496 1833 1754 1899 Mauricii)
1797 1836 2086 1886 vicesimo.
2155 1833 2362 1901 '.lgitur
2400 1836 2639 1883 autumni

344 1939 582 1993 tempore
625 1926 918 1987 accedente,
962 1941 1084 1973 cum
1125 1922 1410 1972 Mauricius
1452 1925 1735 1989 imperator
1776 1923 2006 1983 jussisset
2045 1921 2216 1991 Petro,
2263 1933 2321 1972 ut
2361 1925 2412 1971 in
2453 1921 2646 1973 Sclavi-

345 2031 535 2066 norum
579 2017 791 2081 regione
831 2012 1083 2062 hiemaret
1122 2011 1373 2078 populuS‚
1415 2014 1712 2060 restiterunt
1750 2010 1977 2061 Romani
2019 2010 2121 2061 hoc
2162 2009 2328 2061 facere
2370 2027 2479 2061 non
2522 2027 2650 2062 con-

344 2107 638 2171 sentientes,
695 2114 799 2152 tam
858 2112 1071 2168 propter
1131 2115 1392 2167 equorum
1452 2099 1891 2163 humiliationem,
1947 2116 2107 2167 quam
2162 2100 2310 2167 quod
2372 2102 2646 2166 coposiam

345 2193 800 2243 circumducerent
827 2191 1090 2256 praedam,
1133 2204 1340 2238 necnon
1377 2198 1427 2237 et
1467 2188 1535 2237 ob
1577 2188 1940 2237 multitudines
1980 2189 2337 2256 barbarorum,
2379 2205 2513 2256 quae
2554 2203 2648 2255 per

344 2284 611 2348 regionem
655 2277 870 2328 diffusae
910 2278 1275 2344 noscebantur,
1316 2288 1365 2326 et
1404 2277 1719 2326 seditionem
1759 2278 1991 2327 meditati
2031 2288 2169 2330 sunt.
2213 2277 2423 2327 Praetor
2462 2288 2638 2327 autem

345 2370 639 2436 indignatus
682 2378 861 2417 contra
890 2366 1170 2434 populum,
1210 2366 1604 2415 indemnatione
1646 2382 1736 2415 eos
1776 2366 1990 2419 dimisit.
2034 2364 2276 2415 Incidunt
2316 2368 2489 2434 itaque
2530 2366 2650 2432 plu-

343 2459 455 2516 viae
511 2457 849 2507 creberrimae
898 2469 1055 2520 super
1096 2454 1375 2520 populum,
1435 2463 1483 2502 et
1525 2452 1686 2520 frigus
1730 2454 1976 2506 multum.
2016 2453 2197 2503 Petrus
2239 2464 2416 2504 autem
2457 2456 2640 2521 viginti

346 2546 575 2595 millibus
617 2544 803 2610 procul
843 2545 906 2592 ab
947 2546 1172 2592 exercitu
1215 2542 1532 2591 morabatur.
1591 2542 1872 2592 Mauricius
1914 2552 2090 2592 autem
2132 2542 2284 2592 Petro
2327 2558 2420 2608 per
2458 2543 2652 2593 litteras

344 2634 598 2684 molestus
621 2644 742 2702 erat,
781 2642 839 2682 ut
878 2631 1064 2681 Istrum
1104 2633 1355 2689 transiret,
1398 2640 1448 2679 et
1485 2629 1736 2680 hiemales
1777 2647 1916 2680 escas
1957 2631 2142 2697 populi
2184 2631 2247 2680 de
2290 2630 2649 2682 Sclavinorum

344 2732 574 2772 sumeret
614 2723 841 2788 regione,
883 2737 947 2769 ne
988 2721 1233 2769 alimenta
1274 2719 1485 2784 publica
1526 2729 1734 2785 cogeret
1773 2730 2030 2785 praestare
2072 2716 2376 2772 Romanis.“

1320 2958 1432 3046 St.
1490 2976 1655 3045 138.

664 3087 676 3100 ⁸
872 3089 887 3118 1

522 3085 1321 3245 gg2l;n{?²lalug0bardskega
1378 3175 1561 3242 kralja
1612 3176 1860 3245 Agilulfa
1913 3191 1980 3231 so
2035 3191 2096 3230 se
2135 3175 2303 3229 vrnili
2358 3191 2389 3229 z
2443 3175 2653 3230 obrske

347 3265 542 3332 zemIJe
582 3272 666 3319 ter
703 3266 999 3335 naznanili,
1037 3266 1108 3318 da
1147 3280 1213 3319 so
1251 3281 1283 3318 z
1323 3264 1460 3319 Obri
1499 3264 1729 3318 sklenili
1768 3266 1875 3341 mir
1913 3280 1978 3318 za
2016 3263 2191 3319 veone
2231 3263 2376 3319 ease.
2417 3249 2458 3318 Z
2497 3264 2653 3332 njimi

343 3354 399 3421 J’e
439 3355 554 3408 tudi
594 3353 768 3422 prisel
808 3354 1076 3421 poslaneo
1114 3353 1397 3421 obrskega
1436 3352 1679 3419 kakana,
1737 3352 1800 3406 ki
1834 3351 1891 3420 je
1929 3353 2008 3406 bil
2045 3352 2336 3420 namenjen
2374 3369 2412 3406 v
2449 3351 2654 3423 Galijo,

347 3445 417 3497 da
455 3443 513 3496 bi
551 3448 608 3495 tu
648 3442 859 3495 sklenil
896 3442 1001 3495 mir
1039 3443 1163 3495 med
1203 3441 1339 3496 Obri
1379 3442 1436 3495 in
1474 3441 1890 3495 frankovskimi
1930 3440 2114 3508 kralji.
2153 3441 2280 3495 Med
2319 3447 2430 3496 tem
2460 3439 2654 3496 &asom

346 3547 412 3586 so
450 3530 815 3600 Langobardi,
854 3530 990 3584 Obri
1029 3530 1086 3583 in
1125 3528 1439 3584 Slovani
1478 3530 1703 3598 napadli
1741 3529 1947 3583 Istro
1986 3535 2070 3584 ter
2107 3545 2182 3599 po
2220 3529 2329 3598 njej
2371 3530 2554 3599 ropali
2594 3530 2652 3584 in

347 3619 604 3688 poiigali.

523 3722 691 3773 Pauli
714 3722 943 3772 diaconi
965 3721 1228 3773 Historia
1249 3723 1524 3786 Langob.,
1552 3719 1639 3789 IV,
1666 3737 1709 3771 c.
1742 3734 1809 3784 24
1835 3719 1979 3791 (MG.
2004 3720 2090 3774 SS.
2109 3737 2201 3773 rer.
2222 3721 2473 3790 Langob„
2504 3736 2563 3771 12
2572 3718 2647 3790 5):

351 3810 498 3878 „Hac
523 3820 830 3874 tempestate
854 3810 1006 3876 legati
1047 3807 1262 3875 Agilulfi
1301 3811 1516 3875 regressi
1558 3825 1587 3858 a
1627 3825 1837 3878 cacan0‚
1876 3826 2061 3874 pacem
2102 3820 2415 3875 perpetuam
2455 3808 2644 3860 factam

349 3913 471 3946 cum
524 3897 780 3946 Avaribus
834 3899 1154 3949 nuntiarunt.
1203 3897 1431 3965 Legatus
1483 3913 1701 3964 quoque
1751 3900 1926 3947 cacani
1968 3883 2090 3947 cum
2131 3901 2202 3947 eis
2244 3900 2544 3968 adveniens,
2583 3898 2649 3948 ad

348 3983 541 4033 Gallias
582 3988 815 4053 perrexit,
855 3985 1130 4035 denuntias
1172 3975 1497 4035 Francorum
1536 3986 1762 4053 regibuS,
1805 3996 1878 4044 ut,
1920 3988 2053 4035 sicut
2093 4002 2218 4036 cum
2256 3987 2532 4053 AvaribuS‚
2573 3989 2643 4037 ita

531 4128 562 4182 ¹)
595 4128 731 4173 Paul.
759 4128 877 4173 diac.
895 4131 947 4185 je
979 4129 1154 4176 uvrstil
1183 4134 1233 4174 to
1265 4130 1372 4175 med
1403 4129 1641 4187 dogodke‚
1672 4128 1724 4172 ki
1755 4140 1813 4173 so
1846 4140 1897 4173 se
1927 4129 2066 4174 vrsili
2096 4129 2190 4175 leta
2222 4134 2323 4176 602.
