2872 4504
1284 251 1353 306 St.
1384 264 1486 306 280.
2003 323 2093 329 ’-
2451 258 2536 301 309

226 441 496 498 exercitus,
539 441 631 506 qui
673 442 892 489 navibus
934 439 1339 498 devehebantur,
1385 455 1476 506 per
1515 438 1821 487 Danubium
1871 433 2105 502 *secunda
2146 449 2281 499 aqua
2322 433 2531 482 descen-

225 528 349 577 dere
391 530 559 580 iussiS.
598 531 674 577 Ac
715 530 787 577 sic
829 528 1075 578 inchoato
1118 531 1297 577 itinere
1338 530 1507 594 prima
1549 536 1712 576 castra
1736 538 1895 589 super
1918 525 2156 570 Anesum
2184 523 2353 586 posita
2388 531 2533 580 sunt;

226 633 349 665 nam
396 618 437 665 is
480 614 672 665 fluvius
714 619 845 665 inter
883 617 1247 665 Baioariorum
1289 627 1445 683 atque
1486 615 1772 663 Hunorum
1813 613 2066 661 terminos
2093 609 2297 658 medius
2327 624 2536 658 currens

226 715 405 754 certus
450 706 678 753 duorum
722 720 1005 770 regnorum
1047 706 1197 753 limes
1221 703 1523 755 habebatur.
1567 702 1639 752 Ibi
1668 700 1983 766 supplicatio
2012 714 2105 764 per
2131 698 2365 746 triduum
2395 696 2542 766 facta,

225 804 286 842 ut
330 793 386 840 id
428 793 626 841 bellum
666 808 948 858 prosperos
975 807 1032 842 ac
1059 776 1233 842 felices
1267 791 1479 841 haberet
1504 802 1749 857 eventus3
1789 799 1902 838 tum
1940 788 2158 836 demum
2188 797 2349 836 castra
2378 797 2538 842 mota,

222 892 281 931 et
323 881 519 930 bellum
562 883 701 946 genti
744 881 1028 930 Hunorom
1072 898 1099 930 a
1140 880 1353 930 Francis
1409 881 1666 929 indictum
1707 889 1798 931 est.
1855 877 2023 926 Pulsis
2064 877 2221 944 igitur
2257 874 2542 926 Hunorum

224 971 500 1036 praesidiis
541 985 600 1018 ac
641 970 913 1018 destructis
955 970 1357 1038 munitionibus,
1397 985 1625 1036 quarum
1666 984 1772 1017 una
1812 981 1966 1033 super
2005 963 2270 1015 Cambum
2297 963 2540 1023 fluvium,

221 1060 383 1109 altera
427 1061 567 1107 iuxta
615 1055 955 1124 Comagenos
1009 1061 1267 1107 civitatem
1326 1060 1376 1106 in
1434 1069 1616 1106 monte
1669 1054 2009 1122 Cumeoberg
2047 1054 2185 1103 vallo
2237 1051 2540 1103 firmissimo

224 1159 336 1196 erat
382 1157 656 1206 exstructa,
699 1144 834 1194 ferro
877 1157 928 1194 et
968 1148 1072 1212 igni
1115 1156 1301 1195 cuncta
1341 1156 1623 1194 vastantur.
1674 1142 1920 1211 Cumque
1965 1159 2053 1192 rex
2091 1158 2211 1192 cum
2256 1158 2336 1199 eo,
2380 1159 2541 1209 quem

223 1236 464 1294 ducebat,
526 1236 750 1283 exercitu
806 1251 976 1301 usque
1033 1235 1097 1282 ad
1136 1235 1423 1282 Arrabonis
1475 1231 1672 1282 fluenta
1710 1233 1951 1290 venisset,
2003 1233 2310 1280 transmisso
2353 1230 2540 1280 eodem

223 1323 389 1373 fluvio
435 1339 529 1390 per
569 1326 737 1388 ripam
780 1325 891 1371 eius
933 1339 1101 1390 usque
1142 1323 1207 1371 ad
1246 1312 1443 1381 locum,
1484 1324 1535 1370 in
1563 1338 1672 1389 quo
1703 1324 1743 1370 is
1770 1320 2017 1370 Danubio
2043 1321 2305 1378 miscetur,
2333 1321 2546 1369 accessit

224 1414 402 1481 ibique
463 1427 557 1478 per
612 1413 815 1479 aliquot
869 1412 978 1460 dies
1019 1414 1214 1460 stativis
1261 1410 1448 1460 habitis
1488 1427 1582 1477 per
1622 1409 1890 1460 Sabariam
1931 1410 2116 1459 reverti
2156 1411 2348 1460 statuit.
2401 1408 2544 1457 Alias

223 1517 348 1552 vero
399 1503 594 1567 copias,
637 1501 830 1568 quibus
856 1499 1247 1549 Theodericum
1280 1510 1330 1549 et
1353 1498 1729 1565 Meginfridum
1759 1496 2090 1565 praefecerat,
2113 1513 2206 1564 per
2232 1495 2544 1546 Beehaimos

226 1594 329 1655 via,
375 1607 479 1658 qua
520 1600 784 1640 venerant.
827 1591 1010 1638 reverti
1051 1591 1332 1656 praecepit,
1375 1587 1458 1637 Sic
1498 1598 1766 1655 peragrata
1807 1604 1866 1636 ac
1891 1588 2153 1636 devastata
2179 1601 2374 1652 magna
2400 1595 2544 1652 parte

224 1681 530 1730 Pannoniae
559 1695 680 1728 cum
706 1679 959 1728 incolomi
987 1681 1210 1727 exercitu
1239 1677 1562 1727 Francorum
1595 1680 1644 1725 in
1672 1676 1967 1726 Baioariam
1996 1693 2050 1725 se
2077 1677 2284 1740 recepit.
2313 1673 2543 1724 Saxones

223 1780 401 1819 autem
443 1780 494 1818 et
534 1767 799 1817 Frisiones
840 1783 960 1816 cum
989 1766 1323 1816 Theoderico
1351 1777 1401 1815 et
1425 1765 1743 1831 Meginfrido
1774 1781 1867 1831 per
1890 1764 2218 1822 Beehaimos‚
2255 1773 2314 1813 ut
2340 1765 2541 1812 iussum

3 1852 7 1929 i
224 1868 347 1927 erat,
376 1858 600 1907 domum
626 1858 841 1922 regressi
868 1867 1007 1906 sunt.
1047 1854 1202 1904 Facta
1229 1866 1305 1904 est
1331 1853 1459 1904 haec
1485 1850 1501 1926 Η
1529 1855 1789 1921 expeditio
1817 1857 1926 1903 sine
1954 1837 2099 1903 omni
2129 1850 2303 1902 rerum
2331 1855 2537 1902 incom-
2567 1860 2613 1906 P·
2645 1854 2719 1895 91·

0 1953 37 2018 ἕξ,
225 1948 410 2008 mode,
456 1957 659 2013 praeter
699 1946 846 2013 quod
888 1948 938 1993 in
981 1946 1087 2013 illo,
1128 1961 1289 2012 quem
1330 1961 1418 1993 rex
1453 1945 1692 2002 ducebat,
1721 1945 1947 1992 exercitu
1971 1952 2114 1992 tanta
2143 1957 2405 2010 equorum
2433 1941 2545 1991 lues

3 2019 43 2118 ξ’
223 2047 403 2086 exorta
452 2046 543 2094 est,
588 2046 647 2084 ut
685 2037 770 2083 vix
810 2035 1012 2083 decima
1053 2050 1171 2099 pars
1213 2034 1276 2082 de
1317 2044 1396 2082 tot
1436 2033 1650 2082 milibus
1691 2048 1954 2100 equorum
1982 2034 2290 2080 remansisse
2331 2030 2545 2082 dicatur.

226 2123 348 2192 lpse
388 2136 563 2174 autem
609 2140 731 2173 curn
773 2124 998 2171 dimissis
1041 2125 1206 2188 copiis
1232 2121 1496 2189 Reginum
1527 2123 1804 2191 civitatem,
1830 2137 1966 2189 quae
1992 2136 2133 2173 nunc
2171 2119 2548 2186 Reganesburg

225 2224 458 2271 vocatur,
501 2215 728 2262 venisset
782 2223 832 2261 et
873 2214 923 2260 in
966 2229 1025 2260 ea
1065 2211 1392 2261 hiematurus
1442 2211 1778 2280 consedisset,
1830 2212 1900 2259 ibi
1954 2210 2179 2259 natalem
2234 2209 2453 2259 Domini
2495 2220 2545 2258 et

224 2303 418 2371 pascha
461 2303 737 2352 celebravit
761 2299 788 2326 ‘⁴
1727 2286 1730 2289 ’

404 2423 555 2474 Ann.
595 2420 877 2473 Lauresh.
916 2420 980 2469 ad
1022 2436 1067 2472 a.
1094 2436 1193 2486 791
1243 2417 1387 2488 (MG.
1416 2417 1519 2488 SS.‚
1559 2418 1595 2487 l,
1639 2415 1755 2487 34):
1817 2417 1918 2487 „Et
1959 2425 2186 2468 vertente
2230 2414 2439 2486 anno¹),
2480 2432 2544 2466 eo

223 2523 468 2578 tempore
510 2527 620 2579 quo
674 2510 846 2559 solent
898 2525 1043 2576 reges
1085 2509 1149 2558 ad
1192 2509 1325 2557 bella
1367 2508 1668 2576 procedere,
1721 2509 1889 2557 movit
1928 2509 2209 2557 exercitum
2251 2523 2426 2575 suum,
2466 2508 2546 2554 in-

226 2601 612 2651 numerabilem
653 2599 1066 2656 multitudinem,
1111 2608 1288 2647 contra
1330 2598 1760 2664 superbissimam
1803 2607 2011 2664 gentem
2055 2600 2374 2653 Avarorum;
2417 2596 2546 2644 divi-

223 2692 399 2758 sitque
457 2691 741 2739 exercitum
796 2705 954 2737 suum
998 2690 1048 2735 in
1090 2697 1191 2736 tres
1245 2697 1441 2752 partes;
1499 2696 1549 2735 et
1587 2687 1660 2735 sic
1703 2687 1934 2735 introivit
1973 2687 2084 2751 ipse
2125 2700 2217 2751 per
2254 2685 2546 2734 Paioariam

228 2781 279 2827 in
320 2776 454 2828 fines
496 2778 784 2827 Hunorum
828 2793 889 2825 ex
930 2776 1215 2824 meridiana
1257 2785 1400 2840 parte
1442 2773 1691 2837 Danovii;
1732 2775 1822 2823 sed
1862 2785 1913 2823 et
1936 2774 2000 2822 de
2028 2775 2126 2823 alia
2151 2785 2294 2840 parte
2322 2773 2544 2823 Danovii

224 2869 358 2917 alius
416 2870 670 2918 exercitus
722 2866 1096 2916 Ribuariorum
1152 2875 1202 2913 et
1257 2863 1571 2913 Fresionum
1615 2874 1665 2912 et
1705 2862 2037 2912 Saxonorum
2085 2879 2205 2912 cum
2248 2862 2545 2930 Toringos3

224 2958 319 3006 sed
363 2969 413 3007 et
452 2957 649 3006 navalis
688 2955 854 3005 hostis
896 2971 988 3020 per
1027 2953 1349 3008 Danovium‚
1393 2963 1452 3002 ut
1490 2969 1552 3002 ex
1593 2963 1813 3020 utraque
1855 2955 1966 3020 ripa
2006 2968 2093 3002 rex
2119 2963 2429 3020 potestatem
2455 2951 2546 3002 ha·

229 3047 351 3095 bere
394 3048 653 3112 potuisset
692 3061 817 3094 cum
857 3046 1082 3093 exercitu
1124 3056 1247 3091 suo:
1292 3053 1342 3092 et
1380 3044 1453 3092 sic
1494 3043 1728 3091 introivit
1768 3044 1819 3090 in
1860 3053 2050 3091 terram
2092 3043 2248 3102 illam,
2298 3044 2376 3091 isti
2424 3040 2546 3091 hinc

226 3144 281 3184 et
319 3135 405 3184 ille
447 3134 583 3194 inde,
641 3135 877 3183 medium
933 3143 1107 3182 autem
1159 3136 1411 3180 exercitus
1453 3131 1666 3180 navalis.
1732 3130 1800 3180 Et
1839 3134 2018 3180 terruit
2058 3148 2148 3180 eos
2187 3130 2452 3180 Dominus
2493 3133 2543 3180 in

228 3234 522 3289 conspectu
563 3226 692 3282 eius,
736 3225 804 3272 ita
846 3234 904 3272 ut
943 3222 1117 3271 nullus
1159 3224 1202 3270 ei
1245 3222 1478 3269 resistere
1535 3236 1695 3269 ausus
1751 3230 1908 3279 esset;
1962 3221 2052 3269 sed
2094 3221 2417 3288 ubicumque
2457 3231 2548 3271 aut

231 3310 399 3362 fossas
446 3324 536 3362 aut
575 3313 806 3380 aliquam
849 3309 1149 3360 firmitatem
1193 3313 1300 3359 sive
1342 3310 1392 3357 in
1437 3310 1709 3358 montibus
1749 3327 1840 3358 seu
1877 3309 1941 3359 ad
1970 3308 2189 3359 flumina
2215 3312 2377 3359 autin
2406 3310 2546 3358 silvis

231 3398 423 3451 factam
465 3400 779 3469 habuerunt,
818 3402 1008 3460 statim,
1060 3411 1117 3448 ut
1169 3400 1278 3465 ipse
1327 3409 1417 3447 aut
1473 3399 1725 3446 exercitus
1767 3396 1877 3447 eius
1918 3398 1986 3447 ibi
2028 3399 2251 3467 advenit,
2291 3401 2545 3448 continuo

230 3500 324 3539 aut
363 3506 417 3539 se
458 3491 795 3550 tradiderunt,
837 3501 930 3539 aut
969 3490 1123 3539 occisi
1166 3498 1304 3554 sunt,
1344 3498 1434 3535 aut
1481 3501 1575 3552 per
1630 3485 1752 3552 fuga
1805 3487 2007 3554 dilapsi.
2068 3486 2169 3538 Sed
2210 3498 2259 3537 et
2298 3488 2380 3537 ille
2421 3499 2546 3538 tunc

231 3580 344 3628 eius
384 3582 634 3629 exercitus
675 3596 836 3647 quem
895 3578 1150 3644 Pippinus
1199 3574 1337 3625 filius
1380 3578 1491 3624 eius
1533 3575 1597 3624 de
1640 3574 1782 3624 Italia
1823 3578 2120 3635 transmisit,
2165 3579 2274 3643 ipse
2316 3579 2548 3627 introivit

234 3665 595 3736 Illyricum
640 3678 689 3717 et
730 3668 849 3717 inde
892 3670 944 3715 in
987 3666 1259 3715 Pannonia
1301 3675 1351 3713 et
1392 3662 1627 3726 fecerunt
1668 3665 1735 3712 ibi
1793 3665 2043 3733 similiter,
2082 3675 2340 3715 vastantes
2381 3676 2431 3715 et
2470 3667 2546 3714 in-

231 3756 512 3806 cendentes
553 3769 742 3807 terram
783 3758 941 3819 illam,
983 3758 1116 3805 sicut
1158 3770 1244 3803 rex
1285 3752 1405 3802 fecit
1446 3769 1566 3802 cum
1610 3755 1834 3802 exercitu
1863 3769 1961 3805 suo
1988 3756 2076 3804 ubi
2107 3757 2216 3821 ipse
2243 3766 2363 3807 erat.
2404 3753 2545 3804 Cum

231 3856 408 3893 autem
450 3845 661 3895 vidisset
701 3862 787 3895 rex
828 3843 1031 3902 Cadus,
1075 3843 1221 3911 quod
1259 3842 1435 3891 nullus
1466 3843 1508 3889 ei
1538 3840 1601 3888 de
1630 3851 1775 3907 parte
1802 3844 2100 3891 Avarorum
2127 3845 2357 3892 resistere
2387 3859 2545 3892 ausus

232 3943 368 3982 esset
407 3944 497 3983 aut
539 3938 661 4003 suis,
701 3946 827 3984 tunc
868 3936 1101 3984 circuivit
1153 3943 1340 3980 terram
1394 3930 1533 3978 illam
1590 3944 1681 3995 per
1731 3930 1841 3979 dies
1888 3945 1970 3994 52·
2000 3932 2326 3981 incendendo
2368 3942 2418 3981 et
2457 3948 2547 3980 va-

231 4022 421 4072 stando
465 4034 652 4072 terram
698 4024 861 4090 illam3
915 4023 1005 4071 sed
1047 4032 1096 4070 et
1136 4021 1319 4087 predas
1362 4021 1472 4067 sine
1515 4033 1759 4068 mensura
1801 4019 1881 4069 vel
1923 4036 2161 4080 numero,
2209 4032 2258 4071 et
2298 4023 2547 4089 captivos,

416 4198 446 4256 ¹)
477 4199 624 4257 Tedaj
659 4213 691 4246 v
723 4201 921 4246 zadetku
954 4198 1148 4256 poletja.
