2872 4504
0 210 8 323 l}
43 278 46 284 -
1186 240 1254 295 St..
1284 251 1386 304 235,
1418 251 1519 304 236,
1551 251 1652 291 237.
2473 247 2557 287 273

4 326 7 351 ι
250 314 2550 338 ffim

1245 503 1356 589 St.
1393 519 1568 588 235.

421 719 603 788 Papei
656 720 823 773 Pavel
879 719 959 791 (Ι.)
999 721 1050 773 iz
1078 736 1226 774 nova
1265 721 1450 788 potrdi
1488 717 1731 773 dolocbo
1781 716 1989 786 papeia
2039 714 2314 784 Caharija,
2363 718 2431 769 da
2472 715 2559 781 naj

249 807 604 875 Karantanija
644 823 679 859 v
721 809 1056 862 oerkvenem
1096 811 1252 863 oziru
1292 811 1465 877 spada
1505 809 1614 876 pod
1653 806 2033 874 solnograsko
2075 803 2300 871 skofij0.

425 898 693 962 Primerjaj
731 901 851 948 citat
890 900 999 965 pod
1040 901 1098 948 st.
1128 914 1248 962 224.

18 565 34 580 ν
427 630 543 687 mou
586 630 905 688 757—767.
923 629 963 702 ¹)

1257 1140 1367 1209 St.
1409 1140 1589 1209 236.

0 1243 30 1331 {5-
422 1252 571 1310 οιωιῑ
618 1251 747 1310 767.
766 1249 807 1322 ²)

423 1342 716 1396 Nekoliko
757 1342 887 1396 oasa
925 1357 999 1410 po
1040 1342 1167 1410 prvi
1209 1340 1429 1395 domaci
1468 1339 1658 1408 vojski
1699 1356 1760 1394 se
1793 1338 1851 1405 je
1888 1338 1979 1391 del
2003 1335 2320 1391 Slovenoev
2347 1337 2398 1390 iz
2424 1352 2571 1391 nova

255 1433 502 1501 vzdignil
551 1446 722 1499 zoper
760 1429 919 1496 svoje
958 1432 1197 1485 sobrate.
1251 1431 1555 1484 Duhovnik
1595 1429 1754 1483 Latin
1793 1444 1854 1482 se
1894 1429 1949 1481 ni
1992 1426 2094 1480 veo
2135 1425 2269 1480 outil
2322 1441 2567 1494 varnega

254 1539 291 1576 v
331 1522 506 1576 deieli
561 1529 644 1574 ter
700 1520 755 1586 je
795 1519 1007 1573 ubeial.
1065 1519 1151 1573 Ko
1192 1535 1253 1572 se
1287 1518 1344 1585 je
1384 1519 1474 1585 boj
1516 1519 1753 1587 polegel,
1806 1516 1862 1583 J‘e
1921 1516 2103 1584 poslal
2162 1515 2300 1569 skof
2347 1514 2568 1583 Virgilij

260 1613 384 1666 med
437 1610 714 1665 Slov'ence
771 1609 983 1678 najprej
1042 1608 1370 1662 duhovnika
1421 1607 1771 1676 Madalhoha,
1825 1621 1890 1659 za
1947 1604 2082 1672 njim
2132 1620 2203 1673 pa
2247 1603 2572 1658 duhovnika

258 1702 607 1754 Warmanna.

430 1789 616 1841 Conv.
644 1789 780 1854 Bag.
805 1793 865 1839 et
905 1787 1164 1851 Carant.,
1206 1803 1246 1839 c.
1280 1802 1305 1851 5
1335 1785 1477 1855 (MG.
1517 1785 1622 1852 SS.‚
1649 1785 1735 1845 XI,
1764 1781 1831 1853 8):
1880 1827 1906 1855 „
1929 1826 1940 1838 .
1965 1825 1977 1837 .
2000 1826 2010 1836 .
2035 1795 2084 1834 et
2124 1801 2230 1833 non
2259 1783 2426 1833 multo
2453 1794 2577 1849 post

259 1891 372 1931 orta
412 1880 508 1929 alia
549 1878 805 1927 seditione
850 1879 1007 1926 exivit
1049 1878 1167 1926 inde
1211 1879 1321 1942 ipse
1351 1876 1568 1925 Latinus
1596 1877 1880 1944 presbyter.
1925 1873 2112 1924 Sedata
2138 1883 2315 1922 autem
2343 1873 2574 1922 carmula

261 1972 400 2019 misit
440 1971 628 2017 iterum
670 1966 918 2033 Virgilius
961 1968 1244 2032 episcopus
1286 1966 1478 2014 ibidem
1520 1962 1904 2013 Madalhohum
1943 1964 2323 2031 presbyterum,
2366 1972 2415 2010 et
2453 1972 2575 2027 post

263 2075 386 2108 eum
427 2056 825 2106 Warmannum
868 2056 1280 2124 presbyterum.“
2050 2086 2055 2092 -

437 2147 576 2198 Vita
617 2145 670 2198 S.
701 2146 947 2210 Virgilii,
988 2146 1102 2196 lect.
1142 2143 1212 2193 IV
1254 2142 1398 2213 (MG.
1429 2142 1535 2204 SS.‚
1576 2141 1662 2209 XI,
1692 2139 1802 2210 87):
1848 2141 1949 2210 „Et
1988 2157 2097 2189 non
2125 2140 2294 2189 multo
2321 2150 2441 2205 post
2467 2151 2578 2189 orta

263 2237 361 2286 alia
401 2235 672 2296 seditione,
704 2237 858 2284 exivit
886 2234 1006 2282 inde
1037 2236 1146 2299 ipse
1176 2232 1396 2284 Latinus
1425 2233 1708 2301 presbyter.
1748 2230 1823 2280 Ea
1850 2245 1972 2279 vero
2003 2230 2192 2289 sedata,
2223 2230 2362 2278 misit
2386 2230 2577 2277 iterum

266 2325 512 2392 Virgilius
576 2327 858 2390 episcopus
922 2321 1303 2372 Madelhohum
1366 2322 1731 2390 presbyterum
1773 2330 1822 2369 et
1861 2328 1982 2385 post
2022 2334 2143 2390 eum
2185 2317 2577 2367 Warmannum

265 2415 677 2482 presbyterum.“

1274 2559 1385 2647 ἐι.
1427 2577 1595 2648 237.

445 2691 676 2764 ”albric
717 2691 784 2749 od
825 2690 954 2748 767.
997 2690 1065 2748 do
1106 2688 1243 2747 803.

449 2782 729 2837 Gradeski
787 2781 1033 2849 patriarh
1083 2780 1278 2847 Ivan,
1339 2794 1413 2848 po
1466 2778 1607 2831 rodu
1658 2775 1925 2847 Triariam
1976 2774 2032 2842 je
2070 2776 2150 2830 bil
2190 2778 2262 2830 36
2302 2776 2377 2829 let
2415 2776 2580 2844 pred-

270 2871 483 2939 stojnik
520 2870 667 2937 svoji
707 2870 921 2925 oerkvi.
957 2869 1042 2924 Ta
1079 2866 1321 2937 poboini
1359 2869 1416 2920 in
1456 2866 1792 2935 pravoverni
1831 2863 1957 2919 moi
1991 2864 2047 2931 J'e
2087 2863 2341 2920 ialostno
2369 2863 2583 2919 konoal

272 2959 433 3027 svoje
471 2958 745 3026 iivljenje.

447 3049 700 3101 Croniea
755 3051 824 3100 de
878 3047 1127 3113 singulis
1178 3046 1529 3112 patriarchis
1567 3060 1721 3097 nove
1759 3045 2029 3110 Aquileie
2070 3044 2400 3114 (Monticolo‚
2456 3042 2585 3093 Cro-

274 3138 437 3190 nache
479 3138 786 3198 Veneziane,
828 3136 863 3206 1,
897 3135 998 3206 14):
1045 3137 1218 3205 „Huic
1257 3133 1347 3206 (se.
1375 3131 1662 3202 Vitaliano)
1702 3136 1948 3184 successit
1988 3133 2246 3184 Iohannes
2273 3132 2581 3199 patriarcha,

276 3231 366 3296 qui
421 3230 548 3277 rexit
586 3228 856 3296 ecclesiam
907 3227 1371 3291 metropolitanam
1413 3241 1531 3276 ann.
1556 3222 1776 3274 XXXVI
1817 3233 1867 3273 et
1905 3224 2142 3289 sepultus
2184 3233 2261 3272 est
2300 3225 2353 3271 in
2394 3223 2578 3272 eadem

277 3316 485 3367 basilica
524 3315 614 3407 ςεε.
641 3326 816 3384 sancte
858 3311 1170 3382 Eufemie).“

364 3425 367 3427 ¹
451 3404 790 3456 Chronicon
828 3404 1123 3455 Venetum
1150 3403 1327 3467 vulgo
1356 3402 1634 3452 Altinate.
1677 3398 1820 3470 (MG.
1845 3399 1950 3469 SS.‚
1988 3399 2124 3458 XIV,
2157 3397 2265 3469 17):
2295 3398 2588 3469 „Iohannes

280 3493 581 3559 patriarcha,
622 3496 711 3561 qui
756 3491 854 3542 fuit
893 3495 1113 3542 nacione
1152 3490 1322 3540 Ystrie
1364 3490 1667 3556 Tergestine
1708 3492 1941 3551 civitatis,
1983 3491 2108 3539 vixit
2147 3491 2199 3537 in
2234 3487 2586 3555 patriarchatu

390 3578 548 3650 35·⁸)“

453 3670 707 3722 Danduli
748 3670 1106 3730 Chronicon,
1165 3666 1273 3735 Vll,
1329 3684 1369 3719 c.
1408 3681 1485 3725 12,
1530 3681 1646 3732 pars
1687 3681 1715 3715 2
1757 3664 2050 3735 (Muratori‚
2103 3666 2286 3732 Script.
2328 3681 2421 3717 rer.
2462 3665 2589 3734 Ital„

281 3756 393 3827 XII,
425 3756 564 3827 143):
608 3759 866 3827 „Joannes
907 3756 1192 3824 patriarcha
1235 3759 1443 3805 natione
1484 3754 1821 3821 Tergestinus
1862 3755 1993 3804 sedit
2033 3758 2181 3804 annis
2207 3753 2442 3807 XXXVI.
2487 3754 2588 3803 Hic

282 3848 359 3895 vir
398 3849 515 3912 pius
555 3858 604 3896 et
645 3847 931 3897 catholicus
973 3863 1097 3896 suae
1138 3845 1273 3895 sedis
1314 3846 1509 3893 tristem
1553 3854 1865 3893 consecutus
1907 3853 1982 3893 est
2022 3846 2263 3897 exitum.“

467 3963 499 4014 ¹)
532 3964 688 4020 Papei
712 3964 861 4009 Pavel
895 3964 929 4008 1.
955 3964 1000 4018 je
1032 3962 1192 4008 vladal
1225 3961 1286 4005 od
1319 3960 1469 4016 aprila
1496 3964 1595 4004 757.
1620 3971 1682 4016 pa
1714 3960 1774 4004 do
1806 3965 1877 4005 28.
1897 3960 2054 4017 Junija
2079 3964 2177 4005 767.
2200 3960 2309 4005 leta.
2341 3958 2589 4017 (GLJaffe,

287 4035 318 4079 1.
343 4046 399 4093 α,
428 4048 475 4092 p.
498 4041 582 4082 277
616 4043 662 4083 et
694 4037 814 4094 283.)

465 4109 500 4166 ²)
533 4111 731 4157 Zastran
763 4111 995 4167 datiranja
1028 4111 1090 4166 gl.
1115 4110 1305 4154 doticno
1339 4108 1526 4163 opazko
1557 4107 1654 4164 pod
1686 4107 1745 4152 st.
1770 4111 1869 4153 223.

468 4183 500 4241 ¹)
537 4184 670 4241 Trije
699 4185 920 4243 rokopisi
954 4186 1176 4240 navajajo
1208 4182 1413 4227 XXXVI
1444 4181 1521 4227 let.

2354 4275 2410 4315 23
