2872 4504
1277 226 1344 283 St.
1371 242 1441 282 78.
2446 236 2499 275 81

200 407 646 486 DLXXXV111¹)‚
685 411 935 463 defuncto
976 415 1146 484 Helya
1172 414 1458 482 patriarcha
1486 410 1842 482 Aquilegensi,
1883 420 2167 477 postquam
2198 411 2503 477 quindecim

198 515 367 548 annos
395 498 761 548 ‘sacerdotium
802 514 1068 569 gessserat‚
1108 505 1345 570 sepultus
1387 513 1464 552 est
1502 502 1643 568 apud
1685 498 2008 550 Gradensem
2050 499 2408 567 metropolym
2449 501 2502 548 in

198 574 413 637 ecclesia
454 597 629 636 sancte
670 587 1021 658 Euphymie.“

373 676 716 727 Chronicon
758 679 1049 730 Venetum
1096 683 1274 745 vulgo
1326 681 1602 731 Altinate.
1644 676 1787 748 (MG.
1827 675 1930 735 SS.,
1968 674 2105 744 XIV,
2167 672 2274 743 13):
2329 676 2504 745 „Huic

192 764 282 835 (sc.
306 762 560 833 Probino)
601 770 848 816 successit
868 768 1045 816 Helias
1070 768 1258 818 dehinc
1288 767 1589 835 patriarcha,
1629 767 1815 816 eadem
1855 763 2176 814 Gradensem
2221 764 2502 830 regendam

191 856 421 920 suscepit
460 854 760 921 ecclesiam;
802 859 891 922 qui
934 858 985 904 in
1026 857 1257 923 predicta
1297 859 1499 906 civitate
1541 872 1734 906 novam
1775 865 1951 904 sancte
2002 851 2297 919 Euphemie
2340 853 2502 903 eccle-

189 946 320 993 siam
376 945 515 992 iuxta
567 946 798 991 nominis
854 947 1226 1011 proprietatem
1279 944 1526 995 fabricare
1582 945 1812 1011 precepit
1851 971 1923 979 —
1964 958 2088 991 nam
2129 942 2277 1010 quod
2339 941 2503 992 Grece

190 1030 551 1099 „euphimia“‚
590 1030 693 1081 hoc
736 1032 918 1082 Latine
965 1034 1136 1092 „bona
1177 1031 1379 1084 forma“
1398 1030 1439 1101 ²)
1479 1044 1631 1083 sonat
1669 1062 1740 1070 —
1778 1034 1954 1100 ibique
1995 1031 2244 1082 sinodum
2287 1047 2504 1097 congre-

192 1123 345 1189 gavit.
402 1121 485 1169 Ad
527 1119 738 1170 Verona
795 1138 963 1189 usque
1021 1122 1251 1171 Panonia
1293 1139 1415 1172 cum
1473 1133 1643 1172 totum
1694 1120 2160 1188 Foroguliensium
2202 1130 2252 1169 et
2291 1120 2503 1188 Hystrie

191 1211 365 1275 partiS‚
409 1225 531 1259 cum
574 1220 822 1259 cunctum
867 1212 1131 1275 populum
1175 1211 1523 1261 Veneciarum
1564 1214 1615 1259 in
1657 1210 1842 1259 eadem
1883 1210 2114 1277 ecclesia,
2154 1225 2257 1277 que
2299 1210 2363 1258 ad
2403 1208 2499 1258 ho-

190 1313 377 1347 norem
398 1309 572 1347 sancte
599 1297 897 1363 Euphemie
923 1301 1033 1364 ipse
1059 1299 1346 1366 patriarcha
1375 1297 1645 1367 edificavit,
1669 1301 1902 1367 itemque
1926 1298 2201 1350 sinodavit.
2222 1295 2493 1348 Cunctum

190 1388 454 1454 populum
516 1387 894 1437 demonstravit
949 1403 1168 1455 corpora
1225 1399 1523 1438 sanctarum
1577 1390 1840 1454 virginum
1897 1385 2144 1446 Eutimia,
2207 1386 2501 1447 Dorothea;

190 1479 401 1543 proprie
453 1478 546 1525 iste
587 1491 793 1526 sorores
835 1475 1058 1529 fuerunt.
1109 1475 1291 1527 Cetere
1342 1479 1438 1526 alie
1485 1478 1722 1527 similiter
1763 1475 1923 1527 Tecla
1964 1487 2013 1526 et
2053 1475 2308 1526 Herasma
2348 1493 2495 1527 soro-

189 1567 332 1615 ribus
371 1582 401 1615 a
462 1567 810 1631 sanguinitate
867 1568 1076 1631 proprie
1117 1570 1480 1632 pertinuerunt
1527 1569 1666 1616 iuxta
1706 1568 2088 1632 expositionem
2130 1568 2305 1632 scripti
2345 1565 2491 1615 Pauli

190 1653 493 1722 patriarche.
533 1652 773 1719 Corpora
814 1670 995 1704 earum
1021 1667 1321 1705 sanctarum
1351 1659 1614 1723 virginum
1650 1655 1999 1705 condiderunt
2026 1658 2075 1704 in
2106 1655 2292 1705 eadem
2319 1666 2494 1705 sancta

192 1744 407 1792 ecclesia
454 1759 576 1793 cum
618 1746 909 1793 maximum
950 1742 1171 1797 honore.
1211 1744 1378 1811 Super
1416 1756 1616 1811 septem
1644 1745 1785 1794 lastis
1802 1741 1859 1811 ³),
1903 1761 2007 1813 que
2034 1747 2085 1794 in
2108 1745 2386 1812 Aquilegia
2407 1744 2495 1792 de-

189 1842 383 1882 structa
445 1835 648 1882 civitate
719 1849 875 1899 supra
935 1834 1144 1882 illarum
1202 1849 1422 1898 corpora
1477 1834 1622 1901 quod
1681 1830 1808 1903 (hic)
1859 1835 2280 1892 invenerunt,·in
2322 1833 2504 1882 eadem

193 1922 408 1971 ecclesia
448 1923 545 1971 sub
595 1938 683 1970 sex
733 1922 1095 1975 condiderunt.
1136 1921 1367 1988 Septima
1407 1934 1582 1972 autem
1625 1925 1677 1971 in
1716 1933 1967 1990 quattuor
2006 1924 2307 1989 columpnis
2346 1938 2505 1989 supra

192 2011 398 2060 illarum
440 2022 737 2060 sanctamru
780 2013 1040 2078 virginum
1085 2012 1239 2060 altare
1281 2022 1711 2077 composuerunt.
1773 2009 2013 2078 Corpora
2039 2023 2341 2062 sanctorum
2369 2010 2504 2071 Qui-

191 2101 289 2148 rini
331 2110 381 2149 et
419 2111 716 2149 ceterorum
771 2102 821 2148 in
865 2100 1042 2149 eadem
1087 2101 1299 2149 ecclesia
1340 2100 1405 2148 ad
1445 2116 1608 2149 cornu
1649 2102 1918 2150 sinistrum
1957 2102 2128 2150 altaris
2169 2116 2261 2167 per
2293 2091 2503 2151 'confes-

192 2189 371 2257 sionis‚
425 2190 658 2255 itemque
710 2189 773 2237 ad
816 2189 1027 2238 illorum
1068 2188 1272 2238 honore
1313 2190 1581 2239 ecclesiam
1625 2188 1757 2258 fecit,
1806 2201 1855 2239 et
1895 2191 1964 2240 ibi
2007 2192 2319 2241 condierunt
2357 2206 2504 2240 sanc·

191 2286 366 2327 torum
411 2293 647 2343 corpora.
692 2277 788 2327 Per
823 2295 1266 2346 unumquemque
1295 2279 1470 2328 altaria
1500 2281 1821 2329 consecravit
1846 2296 1938 2347 per
1965 2292 2330 2330 commentum
2359 2278 2506 2329 Pauli

189 2377 240 2416 et
277 2365 537 2416 Probinus
577 2366 911 2433 patriarcha.“

370 2454 499 2506 Ibid.
534 2455 588 2524 (1.
617 2471 658 2508 c.
698 2474 749 2521 p.
794 2470 872 2523 14,
920 2452 1044 2523 15):
1093 2454 1226 2524 „lter
1279 2458 1403 2507 totis
1444 2467 1620 2506 autem
1661 2459 1843 2519 littoris
1884 2458 2032 2526 quod
2070 2469 2194 2508 sunt
2233 2461 2284 2508 in
2326 2476 2493 2509 unum

194 2559 287 2610 per
338 2544 617 2610 longitudo
672 2546 1044 2594 retinnendum
1104 2546 1167 2594 da
1224 2543 1543 2595 Gradensem
1604 2549 1864 2596 civitatem
1917 2564 2088 2615 usque
2135 2548 2197 2597 ad
2242 2546 2497 2615 Caprules

195 2635 447 2699 episcopii
491 2634 777 2700 castellum,
816 2634 1048 2700 primum
1091 2635 1183 2683 lito
1226 2636 1364 2683 iuxta
1406 2633 1729 2684 Gradensem
1770 2638 2029 2686 civitatem
2058 2635 2178 2686 fecit
2197 2639 2304 2687 sive
2330 2636 2500 2688 ediffi-

196 2724 329 2772 cavit
383 2722 561 2770 Helias
614 2721 902 2788 patriarcha
955 2724 1168 2772 ecclesia
1224 2724 1289 2772 ad
1344 2722 1545 2773 honore
1598 2727 1759 2775 sancti
1816 2724 1951 2774 Petri
2013 2726 2255 2795 apostoli,
2323 2727 2502 2795 ibique

198 2813 575 2861 monasterium
633 2812 929 2877 puellarum
984 2814 1267 2861 constituit.
1328 2811 1463 2861 Item'
1508 2815 1679 2862 littore
1735 2823 1875 2863 tenet
1915 2815 2132 2864 miliaria
2172 2829 2289 2876 sex;
2345 2831 2504 2882 supra

198 2900 388 2949 eodem
429 2901 572 2949 littus
611 2903 718 2950 sive
758 2903 1020 2950 civitatem
1060 2902 1241 2950 locum
1285 2903 1557 2951 inventum
1588 2901 1686 2952 fuit
1706 2901 1903 2952 heremi
1928 2919 2189 2954 concussu
2212 2907 2503 2955 remocioni

201 2987 575 3041 habitaculum.
623 2988 737 3040 Viri
786 2990 894 3039 duo
943 2988 1028 3039 hic
1082 3000 1306 3039 stantem
1349 3002 1472 3058 erat,
1512 3007 1680 3040 unum
1722 2993 1940 3041 nomine
1981 2991 2300 3052 Barbanum,
2342 2994 2506 3043 alium

205 3075 519 3127 Tarilesum.
570 3078 647 3127 De
694 3077 934 3128 Tarvisio
985 3081 1186 3128 civitate
1237 3077 1471 3138 fuerunt;
1528 3080 1618 3128 sed
1666 3090 1879 3147 propter
1934 3092 2135 3131 metum
2178 3098 2506 3149 paganorum

206 3168 258 3215 in
300 3166 487 3216 eodem
528 3166 649 3216 loco
692 3166 905 3216 fuerunt
955 3168 1206 3217 reconditi
1261 3184 1361 3217 con
1403 3171 1549 3217 omni
1592 3169 1804 3219 illorum
1844 3171 2144 3237 sumptibus
2184 3174 2290 3221 sive
2330 3187 2507 3238 supra-

200 3255 385 3306 lectile.
448 3254 635 3305 Sancta
690 3259 887 3322 virgine
945 3256 1038 3305 Dei
1095 3258 1398 3324 genitricem
1452 3256 1613 3307 Maria
1662 3260 1712 3306 in
1761 3259 1952 3309 eodem
2013 3260 2133 3310 loco
2188 3261 2251 3309 ad
2293 3261 2505 3310 illorum

206 3345 465 3413 revelavit,
507 3356 564 3394 ut
588 3345 654 3393 ad
681 3362 838 3394 suum
863 3345 1122 3395 honorem
1152 3346 1362 3395 ecclesia
1393 3348 1540 3395 iussit
1567 3344 1840 3397 edifficare.
1883 3347 2004 3398 Illos
2029 3359 2206 3398 autem
2233 3360 2504 3409 venerunt,

202 3435 468 3483 nunciavit
507 3434 881 3484 revelationem
923 3435 1174 3484 dominus
1216 3434 1396 3483 Helias
1437 3434 1753 3504 patriarche3
1809 3439 1918 3503 ipse
1959 3453 2079 3487 cum
2122 3438 2237 3487 illos
2277 3438 2342 3487 ad
2382 3455 2506 3488 eum

201 3522 383 3581 locum
433 3524 745 3573 invenerunt
796 3525 1017 3590 insignia
1068 3526 1161 3572 iter
1223 3525 1463 3589 inposita.
1516 3521 1672 3590 Cepit
1718 3526 1890 3575 statim
1930 3525 2180 3575 dominus
2218 3526 2506 3594 patriarcha

204 3626 328 3660 cum
375 3613 499 3676 ipsis
551 3612 820 3661 ecclesiam
871 3611 1105 3672 fundare,
1161 3611 1452 3661 secundum
1501 3612 1647 3680 quod
1704 3615 2016 3663 invenerunt
2055 3616 2276 3683 insignia
2316 3618 2505 3682 posita.

205 3696 495 3749 Constituit
544 3699 640 3749 hac
694 3703 1076 3750 monasterium
1133 3703 1367 3749 virorum
1426 3716 1791 3770 monacorum,
1840 3703 1935 3752 aba
1986 3713 2164 3752 autem
2205 3703 2502 3754 Barbanum

2579 2491 2591 2503 .
2617 2465 2688 2506 14.

206 3787 479 3840 ordinavit.
537 3787 808 3838 Remeavit
845 3787 1120 3839 Tarcelsus
1161 3788 1226 3837 ad
1267 3790 1533 3854 propriam
1574 3790 1896 3840 seculariam.
1941 3791 2118 3842 Helias
2159 3791 2445 3859 patriarcha
2483 3787 2500 3862 ΙΙ
2534 3816 2580 3860 p,
2602 3806 2672 3850 15,

387 3932 419 3988 “)
451 3932 521 3977 Ta
553 3933 724 3979 letnica
751 3935 805 3989 je
838 3936 1064 3991 napacna.
1098 3933 1257 3989 Helija
1281 3935 1333 3989 je
1366 3934 1490 3977 umrl
1523 3933 1619 3979 leta
1651 3938 1754 3980 586.

386 4005 420 4061 ²)
456 4007 617 4063 ¹,Bona
647 4008 816 4054 fama⁴·.

388 4078 422 4137 ¹)
453 4080 597 4126 Laeta
629 4101 684 4117 =
708 4081 869 4127 lastra.
893 4081 1079 4126 Beseda
1106 4079 1357 4138 „lastrum“
1393 4083 1726 4139 zaznamenuje
1746 4084 2008 4139 podstavec
2031 4086 2106 4142 pri
2128 4085 2304 4131 kakem
2341 4087 2507 4131 stebru

209 4152 289 4210 (gl.
309 4152 388 4198 Du
418 4153 597 4213 cange,
618 4154 802 4211 Gloss.)
826 4155 869 4199 V
887 4154 1190 4211 italijanscini
1211 4156 1436 4210 pomenja
1464 4154 1660 4211 „lastra“
1689 4155 1931 4203 kamenito
1955 4159 2300 4205 eveterokotno
2320 4160 2503 4216 plosco·

2272 4253 2326 4292 11
