2872 4504
1267 233 1333 292 ἐι.
1367 252 1467 292 104.
2435 248 2519 289 129

393 423 820 488 Theophylacti
863 424 1220 476 Simoeattae
1262 427 1575 490 Historiae,
1635 424 1716 484 VI,
1773 440 1815 476 c.
1845 438 1890 484 2,
1951 423 1981 489 ξ
2032 423 2255 475 10—16.
2298 423 2418 492 (Ed.
2461 423 2519 476 C.

216 513 279 561 de
307 511 461 579 Boor,
501 530 549 577 p.
587 525 709 576 223,
739 510 892 579 224):
941 515 1045 580 ,,Τῇ
1086 514 1135 563 δὲ
1174 515 1384 581 ὑστεραίᾳ
1426 515 1591 580 ἄνδρες
1631 517 1752 580 τρεῖς
1791 509 2059 574 Σκλαυηνοὶ
2111 512 2162 560 τ“ο
2202 514 2338 577 γένος
2379 513 2522 575 μηδέν
2555 524 2580 578 ξ
2615 530 2683 567 10.

215 618 258 649 τι
309 600 490 666 σιδήρου
550 598 942 665 περιβαλλόμενοι
993 604 1022 662 ἢ
1069 603 1283 668 ,ὀργάνων
1334 602 1605 664 πολεμικῶν
1659 601 1878 651 ἑάλωσαν
1917 600 2002 649 ὑπὸ
2044 603 2135 648 τῶν
2176 606 2255 648 τοῦ
2296 599 2523 660 βασιλέως

213 689 515 737 ὑπασπιστῶν·
557 683 843 753 κιθάραιᾼδὲ
884 689 1035 747 αὐτοῖς
1076 690 1134 739 τὰ
1172 692 1345 758 φορτία,
1389 689 1468 740 καὶ
1506 690 1632 739 ἄλλο
1673 708 1715 740 τι
1754 689 1885 739 οὐδὲν
1925 688 2214 755 ἐπεφέροντο.
2257 690 2280 737 ό
2321 690 2404 750 μὲν
2446 685 2522 738 οὖν
2555 701 2580 755 ξ
2615 706 2683 744 11,

213 777 428 838 βασιλεὺς
484 777 685 842 διηρώτα
736 778 778 826 τί
817 779 869 826 τ“ο
910 779 1054 837 ἔθνος
1094 763 1285 846 αὐτῶν,
1316 778 1394 828 καὶ
1439 783 1515 828 ποῖ
1554 780 1637 839 τὰς
1679 778 1909 846 διατριβὰς
1947 777 2295 844 ἐκληρώσαντο,
2349 780 2432 839 τήν
2473 796 2523 827 τε

214 865 356 915 αἰτίαν
409 871 493 928 τῆς
544 863 648 932 περὶ
698 866 805 924 τοὺς
845 866 1138 928 Ῥωμαϊκούς
1187 869 1355 927 τόπους
1407 867 1709 935 ἀναστροφῆς.
1768 868 1807 917 οἱ
1863 868 1914 916 δὲ
1953 868 2004 917 το
2046 867 2129 929 μὲν
2170 868 2313 926 ἔθνος
2354 867 2521 931 ἔφασαν
2555 879 2580 932 ξ
2615 883 2683 922 12.

212 956 458 1019 πεφυκέναι
495 953 763 1017 Σκλαυηνοὶ
816 956 930 1021 προς
985 955 1049 1020 τῷ
1105 958 1295 1022 τέρματί
1333 976 1383 1006 τε
1421 941 1504 1007 ’τοῦ
1546 958 1729 1007 δυτικοῦ·
1769 957 2007 1023 ᾠκηκέναι
2050 956 2298 1024 Ὠκεανοῦ,
2353 958 2432 1006 τον
2474 957 2523 1006 δὲ

210 1044 432 1108 Χαγάνον
486 1045 623 1109 μέχρι
679 1047 771 1092 τῶν
823 1043 993 1093 αὐτόθι
1047 1043 1257 1111 πρέσβεις
1296 1047 1632 1111 ἐκπέμψασθαι
1671 1044 1744 1096 ἐπὶ
1782 1045 1999 1114 συλλογῇ
2040 1046 2242 1111 μαχίμου
2284 1046 2521 1108 δυνάμεως

212 1132 337 1199 δῶρά
389 1150 440 1181 τε
486 1131 648 1180 πολλὰ
699 1135 793 1190 τοῖς
847 1133 1102 1198 ἐθνάρχαις
1142 1134 1548 1198 φιλοτιμήσασθαι.
1591 1135 1698 1194 τοὺς
1738 1136 1821 1197 μὲν
1863 1132 1938 1184 οὖν
1979 1132 2258 1197 δεξαμένους
2299 1134 2356 1183 τὰ
2397 1134 2519 1200 δῶρα
2551 1145 2576 1199 ξ
2613 1150 2678 1190 13,

211 1221 294 1282 τὴν
345 1221 608 1286 συμμαχίαν
663 1220 787 1286 αὐτῷ
840 1221 1179 1289 ἀπανήνασθαι,
1232 1222 1495 1274 ἀποκναίειν
1551 1243 1601 1274 τε
1649 1225 1814 1283 αὐτοὺς
1865 1224 1923 1274 τὰ
1962 1226 2093 1287 μήκη
2136 1229 2220 1286 τῆς
2260 1223 2517 1290 ὁδοιπορίας

211 1310 618 1376 διισχυριζομένων,
659 1310 722 1369 ὡς
763 1311 812 1359 δὲ
852 1312 931 1359 τὀν
959 1312 1179 1375 Χαγάνον
1221 1312 1648 1363 ἐπαποστείλασθαι
1687 1313 1852 1373 αὐτοὺς
1877 1313 2077 1372 ἐκείνους
2105 1313 2211 1372 τοὺς
2237 1312 2516 1371 ἑαλωκότας

212 1397 467 1463 ἀπολογίας
494 1399 714 1448 ὑπόθεσιν
754 1399 967 1464 ἔχοντας·
993 1401 1332 1450 πεντεκαίδεκά
1370 1420 1419 1451 τε
1458 1399 1567 1465 μησὶ
1606 1398 1689 1464 τὴν
1729 1402 1834 1452 ὁδον
1876 1402 2090 1453 διανύσαι.
2116 1403 2194 1451 τον
2220 1402 2272 1451 δὲ
2298 1403 2520 1467 Χαγάνον

211 1486 556 1550 ἐπιλαθόμενον
612 1494 692 1536 τοῦ
742 1489 883 1549 νόμου
922 1493 1012 1537 τῶν
1051 1490 1285 1556 πρέσβεων
1327 1491 1598 1556 δογματίσαι
1637 1491 1866 1554 κωλύμην
1905 1490 2059 1551 αὐτοῖς
2100 1496 2183 1554 τῆς
2223 1488 2520 1550 ἀναζεύξεως.
2555 1503 2579 1554 ἓ
2613 1506 2683 1546 14,

211 1575 376 1635 αὐτούς
415 1594 466 1625 τε
504 1581 594 1624 τῶν
634 1574 874 1639 Ῥωμαίων
915 1578 1059 1637 ἔθνος
1100 1578 1374 1641 ἀκηκοότας
1415 1581 1486 1629 ἐπί
1525 1599 1575 1630 τε
1615 1580 1807 1646 πλούτῳ
1848 1578 1927 1630 καὶ
1964 1579 2287 1647 φιλανθρωπίᾳ
2339 1576 2354 1650 i]
2392 1579 2514 1646 λίαν,
2546 1601 2592 1646 p.
2624 1594 2724 1634 224.

208 1665 271 1723 ὡς
324 1665 441 1714 ἔστιν
482 1664 634 1733 εἰπεῖν,
676 1665 1034 1734 εὐκλεέστατον,
1091 1669 1516 1734 ἐμπορευσαμένους
1556 1670 1639 1730 τὴν
1679 1670 1909 1737 εὐκαιρίαν
1949 1670 2065 1736 προς
2107 1673 2164 1736 τῇ
2205 1667 2367 1737 Θρᾴκῃ
2408 1668 2521 1717 ἀνα-

206 1759 427 1820 χωρῆσαι.
471 1756 676 1821 κιθάρας
716 1773 767 1804 τε
806 1756 1099 1821 ἐπιφέρεσθαι
1139 1757 1210 1806 διὰ
1249 1758 1302 1806 τ“ο
1343 1757 1407 1820 μὴ
1449 1755 1743 1821 ἐξησκῆσθαι
1782 1758 1907 1807 ὅπλα
1945 1762 2040 1817 τοῖς
2079 1762 2253 1820 σώμασι
2291 1757 2515 1823 περιβάλ-
2554 1767 2580 1821 ξ
2613 1771 2682 1812 15.

207 1843 397 1910 λε’-θαι,
436 1849 520 1907 τῆς
558 1846 716 1910 χώρας
757 1844 909 1904 αὐτοῖς
950 1846 1204 1910 ἀγνοούσης
1244 1848 1323 1896 τον
1365 1848 1553 1914 σίδηρον
1593 1848 1852 1898 κάντεῦθεν
1892 1848 1971 1897 τον
2012 1846 2230 1913 εἰρηναῖον
2273 1845 2352 1897 καὶ
2378 1845 2520 1896 ἀστα-

207 1933 390 1982 σίαστον
428 1935 754 2000 παρεχομένης
794 1936 873 1984 τον
899 1934 996 1995 βίον
1024 1937 1193 2003 αὐτοῖς,
1233 1936 1393 2003 λύραις
1422 1955 1472 1986 τε
1501 1934 1901 2002 καταψάλλεσθαι
1924 1937 2192 2004 περιλαλεῖν
2219 1938 2304 1986 οὐκ
2341 1935 2520 1996 εἰδότας

206 2023 304 2080 ταῖς
343 2020 600 2088 σάλπιγξιν·
644 2018 712 2082 οἷς
732 2023 823 2093 γὰρ
864 2025 886 2071 ό
928 2023 1138 2087 πόλεμος
1177 2022 1232 2087 ἧν
1273 2025 1582 2093 ἀνιστόρητος,
1624 2025 1821 2086 εἰκότως
1846 2030 1900 2075 ἂν
1940 2027 2136 2092 ἔφασκον
2163 2025 2394 2093 ἀγρότεροί
2419 2044 2518 2085 πως

203 2111 373 2160 ὒπεῖναι
414 2112 471 2161 τὰ
511 2117 594 2175 τῆς
634 2118 853 2176 μουσικῆς
893 2114 1211 2176 μελετήματα.
1241 2115 1264 2163 ό
1304 2116 1387 2177 μὲν
1429 2111 1505 2164 οὖν
1545 2115 1843 2183 αὐτοκράτωρ
1870 2114 1943 2166 ἐπὶ
1970 2119 2064 2175 τοῖς
2083 2116 2262 2182 ῥηθεῖσι
2301 2117 2352 2166 :b
2378 2115 2519 2182 φῦλον
2552 2111 2575 2161 ἓ
2610 2112 2680 2154 16-

205 2196 442 2264 ἂγάμενος
493 2199 746 2266 φιλοξενίας
793 2199 920 2265 ἠξίου
969 2203 1172 2262 ἐκείνους
1223 2203 1388 2263 αὐτοὺς
1430 2204 1536 2264 τοὺς
1577 2204 1665 2254 ἀπὸ
1707 2209 1799 2254 τῶν
1854 2201 2102 2272 βαρβάρων
2154 2205 2519 2271 ἐντετυχηκότας

203 2289 344 2356 αὐτῷ,
368 2292 619 2353 θαυμάσας
659 2310 710 2341 τε
757 2293 931 2341 τούτων
972 2297 1063 2342 τῶν
1103 2294 1328 2355 σωμάτων
1368 2294 1419 2342 το
1498 2295 1671 2359 έγεθος
1711 2296 1762 2344 τό
1804 2312 1854 2361 τε
1894 2294 2187 2360 μεγαλοφυὲς
2227 2299 2316 2343 τῶν
2359 2294 2518 2356 μελῶν

204 2380 251 2438 ἐς
289 2379 374 2440 τὴν
413 2377 693 2446 Ἡράκλειαν
737 2383 929 2441 τούτους
968 2382 1346 2448 παρεπέμπετο.“

380 2483 575 2536 Photii
617 2486 676 2535 in
718 2485 1226 2552 Theophylaetum
1267 2488 1602 2540 summaria.
1643 2487 1790 2557 (Ibid.
1817 2506 1850 2555 p
1907 2485 2019 2557 12):
2069 2530 2090 2552 ,‚
2140 2531 2149 2541 .
2196 2530 2205 2541 .
2251 2528 2261 2539 .
2302 2486 2517 2555 περὶτῶν

203 2576 334 2636 τριῶν
362 2572 648 2636 Σκλαβηνῶν
678 2579 771 2623 τῶν
813 2577 1016 2642 κιθάρας
1044 2576 1396 2644 ἐπιφερομένιω,
1439 2578 1479 2626 οἳ
1517 2577 1574 2627 ἐκ
1615 2581 1706 2627 τῶν
1731 2582 1883 2644 μερῶν
1909 2584 1988 2626 τοῦ
2016 2574 2247 2626 Ὠκεανοῦ
2289 2577 2513 2648 ἐλέγοντο

200 2661 314 2727 προς
353 2663 433 2712 τον
473 2663 694 2728 Χαγάνον
737 2665 1049 2715 ἀπεστάλθαι·
1093 2667 1134 2714 οἲ
1172 2663 1251 2715 καὶ
1289 2667 1654 2731 ἐνεφανίσθησαν
1697 2667 1940 2750 Μαυρικίῳ
1979 2667 2043 2732 τῷ
2083 2665 2314 2728 βασιλεῖ.“

378 2765 757 2832 Theophanis
797 2768 1288 2834 Chronographia
1328 2771 1391 2819 ad
1433 2787 1475 2823 a.
1503 2770 1572 2823 M.
1603 2771 1756 2836 6083-
1786 2769 1864 2841 (π
1896 2788 1989 2838 59ι
2026 2788 2068 2824 a.
2097 2769 2240 2840 Chr.)
2280 2771 2422 2842 (Rec.
2452 2769 2511 2822 C.

202 2853 264 2902 de
307 2853 463 2920 Boor,
505 2873 553 2922 p.
582 2857 704 2923 268,
750 2858 911 2925 269):
960 2900 982 2921 „
1031 2899 1040 2909 .
1086 2899 1095 2909 .
1140 2899 1150 2909 .
1193 2863 1250 2926 τῇ
1292 2859 1341 2908 δὲ
1382 2859 1592 2927 ὑστεραίᾳ
1629 2857 1793 2926 ἄνδρες
1834 2863 1953 2926 τρεῖς
1993 2859 2241 2911 Σκλαυινοὶ
2279 2862 2331 2911 τὶο
2356 2863 2507 2928 γένος,

198 3011 384 3060 namen,
426 3002 487 3047 da
527 3002 576 3048 bi
607 3003 692 3048 bili
724 3003 866 3061 priffili
898 3018 930 3050 v
961 3007 1100 3062 svoje
1131 3006 1327 3051 domaffie
1360 3006 1497 3063 kraJe
1529 3007 1592 3052 ob
1624 3006 1892 3053 Ba1ti5kem
1922 3010 2094 3067 morju‚
2142 3009 2276 3065 zakaj
2311 3008 2421 3054 niso
2453 3009 2514 3054 §li

197 3073 232 3118 k
263 3074 442 3133 dolenJi
474 3077 680 3137 Donavi,
711 3079 820 3135 kjer
850 3079 900 3124 bi
932 3091 986 3125 se
1017 3080 1100 3124 bili
1135 3080 1311 3126 obrnili
1344 3081 1470 3137 proti
1502 3093 1680 3127 severu
1713 3086 1785 3127 ter
1814 3087 1975 3140 potem
2007 3094 2096 3129 ves
2127 3083 2210 3128 &as
2242 3095 2395 3129 varno
2427 3096 2514 3140 po-

197 3149 348 3194 tovali
378 3163 442 3207 po
473 3151 731 3198 slovanski
762 3154 948 3211 zemlji?
980 3155 1124 3211 Zakaj
1161 3167 1218 3199 so
1244 3155 1301 3210 jo
1334 3156 1506 3200 udarili
1537 3156 1665 3213 proti
1689 3156 2004 3213 jugovzhodu
2036 3158 2151 3202 tako
2184 3158 2332 3217 dalee,
2364 3159 2423 3204 da
2456 3172 2513 3202 so

198 3234 258 3267 na
281 3224 449 3281 zadnje
471 3225 610 3282 pri-§li
633 3228 696 3272 do
719 3227 1084 3285 Marmorskega
1105 3230 1288 3286 morja?
1309 3254 1361 3261 —
1382 3229 1558 3276 Reffieni
1574 3230 1682 3287 trije
1703 3229 1900 3276 51ονὂηί
1917 3244 1974 3277 so
1991 3232 2115 3277 rekli
2131 3232 2513 3278 bizantinskemu

198 3299 404 3358 cesarJu,
446 3299 506 3345 da
537 3300 639 3357 njih
670 3302 840 3358 zemIJa
871 3315 932 3348 ne
962 3316 1116 3360 pozna
1148 3304 1302 3349 ieleza
1335 3303 1383 3348 in
1415 3305 1475 3349 da
1506 3303 1609 3361 nJih
1641 3305 1800 3361 rojaki
1832 3306 1940 3352 niso
1974 3308 2133 3364 vajeni
2165 3309 2509 3365 vojskovanju.

197 3372 319 3418 Tudi
365 3379 413 3419 ta
456 3376 633 3422 trditev
669 3378 722 3433 je
762 3377 872 3423 brez
920 3390 1068 3435 prave
1108 3378 1325 3435 podlage.
1375 3378 1557 3424 Obrski
1599 3379 1761 3425 kakan
1793 3392 1848 3426 se
1872 3382 1923 3437 je
1955 3381 2114 3427 obrnil
2146 3382 2207 3428 do
2241 3384 2512 3440 omenjenih

197 3449 423 3494 severnih
469 3449 718 3497 Slovanov
754 3457 826 3498 ter
875 3452 957 3507 iim
997 3453 1155 3510 pos¹a1
1199 3454 1253 3498 Se
1295 3452 1398 3498 celo
1443 3466 1621 3510 mnogo
1664 3453 1829 3513 darov,
1878 3455 1967 3500 ker
1991 3457 2043 3512 je
2077 3457 2205 3502 hotel
2238 3459 2345 3504 med
2376 3458 2511 3515 njimi

195 3523 382 3568 nabrati
413 3525 669 3581 pomoinih
701 3528 788 3572 eet.
822 3527 932 3572 Ako
965 3527 1014 3571 bi
1045 3527 1129 3572 bili
1163 3527 1340 3573 dotieni
1373 3527 1571 3573 Slovani
1602 3539 1683 3573 res
1713 3529 1829 3574 tako
1860 3530 1987 3575 malo
2020 3531 2235 3591 bojeviti,
2265 3533 2425 3577 kakor
2457 3545 2509 3577 se

188 3597 240 3651 je
264 3597 501 3653 povedalo
533 3601 723 3656 cesar-ju
756 3601 1025 3660 MavriciJu,
1057 3601 1104 3645 bi
1137 3601 1306 3646 obrski
1338 3602 1500 3646 kakan
1531 3613 1591 3647 ne
1622 3602 1688 3646 bil
1719 3603 1847 3648 iskal
1878 3605 1985 3650 med
2017 3601 2151 3662 njimi
2182 3606 2348 3663 bojnih
2371 3612 2507 3652 trum.

198 3694 249 3701 —
294 3670 420 3716 Tudi
452 3673 506 3727 je
552 3676 848 3735 neverjetno,
892 3677 951 3722 da
991 3677 1038 3721 bi
1072 3677 1115 3722 si
1146 3676 1229 3720 bili
1262 3675 1459 3722 510νέῃὶ
1491 3677 1553 3721 ob
1586 3676 1850 3723 Baltisskem
1883 3682 2041 3736 morju
2074 3681 2239 3726 izbrali
2270 3681 2329 3726 tri
2360 3683 2509 3738 godce

195 3756 248 3788 za
287 3746 428 3801 svoje
474 3747 717 3808 poslanee,
763 3750 928 3796 katere
975 3763 1032 3796 so
1082 3751 1257 3807 poslali
1298 3765 1330 3796 v
1361 3752 1464 3806 tuJO
1497 3751 1674 3797 driavo
1735 3753 1825 3809 Kaj
1859 3753 1969 3799 niso
2002 3754 2129 3800 imeli
2160 3755 2341 3812 bolssih
2373 3756 2507 3814 ljudi,

195 3817 349 3863 kateri
382 3819 431 3864 bi
453 3820 529 3876 jih
560 3821 644 3866 bili
675 3824 907 3881 zastopali
940 3837 1000 3870 na
1033 3825 1186 3870 dvoru
1219 3825 1461 3881 obrskega
1492 3825 1709 3870 kakana?

372 3893 419 3937 Iz
457 3899 578 3953 tega,
623 3896 714 3942 kar
751 3910 861 3943 nam
893 3898 1233 3957 Theophylakt
1265 3904 1316 3943 tu
1349 3899 1681 3958 pripoveduje,
1706 3902 1758 3956 je
1790 3902 2035 3961 razvian,
2083 3904 2142 3948 da
2174 3916 2228 3949 se
2252 3906 2305 3960 je
2337 3905 2507 3949 obrski

192 3965 355 4011 kakan
386 3966 672 4027 prizadeval,
719 3971 778 4016 da
827 3972 877 4017 bi
907 3973 974 4017 bil
1006 3973 1213 4030 pridobil
1246 3985 1305 4017 na
1339 3974 1482 4029 svojo
1514 3978 1648 4018 stran
1681 3974 1780 4020 tudi
1811 3975 1922 4021 tiste
1952 3988 2156 4023 severne
2187 3977 2411 4036 Slovane,
2452 3979 2503 4023 ki

193 4051 251 4084 so
283 4040 368 4085 bili
399 4042 632 4099 naseUeni
662 4045 726 4089 ob
758 4045 1021 4091 Baltisskem
1054 4050 1225 4103 morju.
1275 4047 1468 4091 Vendat·
1492 4059 1545 4092 se
1576 4047 1610 4092 ti
1641 4048 1751 4093 niso
1782 4051 1807 4093 Ξ
1839 4050 1955 4106 njim
1987 4052 2178 4109 zvezali,
2218 4053 2306 4097 ker
2337 4065 2391 4098 se
2415 4053 2503 4109 jim

188 4115 241 4168 je
288 4113 399 4170 baffi
447 4120 532 4171 pot
562 4130 595 4162 v
619 4118 770 4173 juzno
811 4119 1010 4178 Evropo
1050 4121 1181 4166 zdela
1214 4123 1511 4177 preteiavna.
1543 4121 1694 4167 Trditi
1727 4135 1924 4179 smem0‚
1956 4125 2014 4170 da
2046 4138 2104 4170 so
2135 4126 2293 4171 takrat
2325 4141 2356 4173 v
2388 4128 2505 4172 obde

190 4187 491 4245 prijateljske
526 4203 737 4238 razmere
769 4194 957 4240 vladale
989 4196 1095 4241 med
1128 4195 1328 4241 Slovani
1361 4195 1409 4239 in
1446 4195 1580 4241 Obri.

2264 4296 2317 4333 14
