2872 4504
1263 211 1330 255 St.
1363 221 1435 255 ⁴5.
1912 252 1915 254 .
2470 214 2525 256 39

220 389 409 435 πώποτε
458 385 499 435 οἱ
536 383 757 451 βάρβαροι
796 382 933 437 οὗτοι.
975 387 1025 436 οὒ
1066 388 1156 449 μὴν
1198 389 1302 438 οὐδὲ
1343 389 1524 454 στρατῷ
1564 388 1772 450 ποταμόν
1813 383 1996 452 Ἴστρον
2040 386 2268 450 φαίνονται
2308 386 2523 450 διαβεβη-

222 477 361 533 κότες
400 475 458 524 ἐκ
496 477 575 522 τοῦ
614 475 787 533 παντὸς
825 476 1013 542 χρόνου,
1052 476 1177 538 πλήν
1215 494 1271 540 γε
1312 477 1367 538 δὴ
1407 474 1457 536 ἐξ
1498 478 1605 526 ότου
1645 493 1722 539 μοι
1759 477 2028 541 ἔμπροσθεν
2067 475 2252 541 εἴρηται.

397 558 537 612 Οὗτοι
575 562 626 611 δὲ
666 563 706 611 οἱ
744 563 823 611 τόν
862 561 1096 627 Ἀσβάδην
1150 567 1450 627 νενικηκότες
1490 567 1627 631 μέχρι
1673 565 1721 623 ἐς
1759 563 2009 614 θάλασσαν
2047 563 2317 626 ληισάμενοι
2367 562 2528 630 ἐφεξῆς

222 654 400 702 ἅπαντα
440 649 523 700 καὶ
558 651 694 699 πόλιν
734 651 1069 701 ἐπιθαλασσίαν
1121 655 1547 718 τειχομαχῆσαντες
1587 652 1730 720 εἷλον,
1782 653 1947 718 καίπερ
1993 656 2282 717 στρατιωτῶν
2334 653 2528 719 φρουρὰν

221 741 433 806 ἔχουσαν,
471 740 679 805 Τόπερον
719 739 879 801 ὄνομα·
920 743 949 802 ἠ
990 744 1150 806 πρώτη
1192 743 1275 803 μὲν
1301 741 1502 808 Θρᾳκῶν
1542 746 1634 791 τῶν
1673 740 1910 808 παραλίων
1950 739 2058 807 ἐστὶ,
2099 747 2179 789 τοῦ
2210 741 2260 789 δὲ
2283 742 2527 799 Βυζαντίου

219 828 360 893 διέχει
397 827 505 876 όδῖον
543 829 729 894 ἡμερῶν
770 827 1065 879 δυοκαίδεκα.
1120 827 1250 878 εἷλον
1291 830 1340 878 δὲ
1380 829 1522 890 αὐτὴν
1575 831 1730 896 τρόπῳ
1783 829 1959 895 τοιῷδε.
2017 829 2057 878 οἱ
2111 830 2195 891 μὲν
2234 829 2442 879 πλεῖστοι
2481 832 2529 881 ἐν

220 916 486 981 δυσχωρίαις
525 916 612 982 πρῖο
654 918 733 964 τοῦ
771 915 1020 982 περιβόλου
1062 922 1173 982 σφοῖς
1213 918 1378 976 αὐτοὺς
1419 919 1638 984 ἔκρυψαν,
1680 917 1829 982 όλίγοι
1869 918 1918 967 δέ
1959 935 2077 977 τινες
2117 916 2226 983 ἀμφὶ
2265 919 2349 977 τὰς
2376 919 2528 978 πύλας

218 1007 470 1071 γενόμενοι,
509 1023 539 1053 α

1853 1004 1876 1022 ,-

542 1006 556 1053 ι’
591 1005 707 1071 προς
747 1004 995 1070 ἀνίσχοντά
1033 1005 1137 1055 εἰσιν
1177 1006 1327 1074 ἥλιον,
1368 1006 1475 1066 τοὺς
1515 1008 1562 1056 ἐν
1603 1011 1701 1066 ταῖς
1727 1006 1946 1066 ἐπάλςεσι
1969 1005 2225 1069 ’.Ρωμαίους
2263 1007 2527 1073 ἠνώχλουν.

217 1096 592 1156 ὑποτοπήσαντες
652 1094 702 1143 δὲ
743 1094 783 1143 οἱ
821 1099 1111 1162 στρατιῶται,
1165 1097 1260 1144 ὅσοι
1310 1097 1363 1144 ‘sb
1418 1096 1627 1145 ἐνταῦθα
1679 1095 1992 1162 φυλακτήριον
2044 1092 2188 1163 εἶχον,
2245 1096 2295 1145 οὒ
2342 1096 2531 1156 πλείους

216 1183 382 1242 ὠτοὺς
431 1186 461 1245 ἢ
518 1184 614 1232 ὅσοι
665 1187 959 1250 καθωρῶντο
1012 1182 1136 1251 εἶναι,
1193 1184 1465 1246 ἀνελόμενοι
1516 1185 1682 1234 αὐτίκα
1735 1184 1792 1233 τὰ
1845 1185 1971 1234 όπλα
2025 1183 2187 1245 ἐξίασιν
2238 1182 2308 1234 ἐπ’
2364 1185 2530 1244 αὐτοὺς

217 1274 429 1331 ἅπαντες.
487 1272 528 1320 οἱ
582 1272 632 1321 δὲ
673 1271 894 1338 βάρβαροι
933 1272 1074 1322 όπίσω
1127 1271 1414 1339 ἀνέστρεφον,
1468 1274 1656 1336 δόκησιν
1708 1275 2017 1340 παρεχόμενοι
2073 1277 2167 1333 τοῖς
2220 1275 2411 1324 ἐπιοῦσιν
2465 1276 2533 1323 ἕτι

220 1361 277 1422 δὴ
316 1360 484 1420 αὐτοὺς
525 1361 574 1420 ἐς
614 1360 868 1425 ὑπαγωγὴν
909 1362 1344 1428 κατωρρωδηκότες
1384 1368 1596 1429 χωροῦσι·
1654 1360 1733 1411 καὶ
1780 1362 1819 1411 οἱ
1871 1360 2089 1425 Ῥωμαῖοι
2138 1364 2188 1421 ἐς
2241 1363 2324 1424 τὴν
2382 1360 2530 1422 δίωξιν

215 1450 579 1509 ἐκπεπτωκότες
617 1451 774 1516 πόρρω
813 1467 900 1499 που
940 1456 1020 1499 τοῦ
1045 1449 1293 1517 περιβόλου
1333 1448 1348 1521 Η
1386 1452 1617 1516 ἐγένοντο.
1648 1449 1928 1510 ἀναστάντες
1956 1447 2036 1500 οὗν
2063 1452 2102 1501 οἱ
2127 1452 2183 1500 ἐκ
2212 1456 2303 1502 τῶν
2329 1452 2524 1518 ἐνεδρῶν
2563 1461 2610 1506 p.
2628 1452 2733 1498 443.

214 1540 500 1589 κατόπισθεν
540 1557 592 1588 τε
631 1543 723 1588 τῶν
750 1539 1012 1588 διωκόντων
1037 1541 1279 1604 γενόμενοι
1317 1540 1504 1603 ἐσιτητα
1543 1539 1680 1605 σφὶσιν
1720 1539 1770 1598 ἐς
1810 1540 1894 1600 τὴν
1943 1539 2080 1590 πόλιν
2130 1540 2287 1590 οὐκέτι
2333 1541 2526 1591 ἐποίουν.

214 1626 580 1694 ἀναστρέψαντες
621 1645 671 1677 τε
711 1625 790 1676 καὶ
829 1627 869 1676 οἱ
907 1629 1085 1693 φεῦγειν
1127 1629 1378 1688 δοκοῦντες
1419 1627 1703 1694 ἀμφιβόλους
1761 1629 1852 1691 ἤδη
1910 1628 2018 1688 τοὺς
2065 1626 2320 1692 Ῥωμαίους
2370 1630 2529 1679 πεποί-

212 1734 358 1780 ηνται.
401 1717 479 1775 οὓς
519 1717 577 1778 δὴ
617 1718 824 1776 ἅπαντας
864 1717 904 1766 οἱ
943 1716 1165 1784 βάρβαροι
1217 1718 1317 1783 διαφ
1362 1719 1564 1784 είραντες
1605 1717 1670 1783 τῷ
1709 1716 1943 1784 περιβόλῳ
1996 1717 2339 1784 προσέβαλλον.
2383 1719 2423 1768 οἱ
2481 1720 2532 1768 δὲ

245 1811 268 1821 -e
383 1807 393 1820 1

215 1824 300 1869 της
338 1807 528 1864 πόλεως
569 1804 815 1872 οἰκήτορες
855 1810 946 1856 τῶν
987 1811 1278 1872 στρατιωτῶν
1319 1812 1404 1870 τῆς
1445 1808 1682 1869 δυνάμεως
1723 1807 2033 1874 ἐστερημένοι,
2092 1808 2292 1872 γίνονται
2343 1810 2426 1871 μὲν
2481 1809 2528 1858 ἐν

218 1893 452 1961 ἀμηχανία
489 1894 668 1963 πολλῇ,
710 1893 789 1944 καὶ
827 1899 891 1955 ὣς
932 1896 983 1944 δὲ
1023 1895 1130 1955 τοὺς
1170 1896 1380 1956 ἐπιόντας
1420 1897 1477 1946 ἐκ
1500 1901 1591 1946 τῶν
1617 1898 1858 1962 παρόντων
1887 1896 2133 1959 ἠμύνοντο.
2162 1895 2240 1946 καὶ
2259 1902 2420 1964 πρῶτα
2444 1900 2528 1961 μὲν

217 1982 373 2032 ἐ’λαιόν
398 2001 449 2032 τε
466 1981 543 2032 καὶ
562 1984 721 2032 πίσσαν
741 1981 813 2033 ἐπὶ
837 1983 1055 2034 πλεῖστον
1083 1988 1408 2051 θερμήναντες
1433 1990 1525 2034 τῶν
1547 1986 1955 2050 τειχομαχοὺντων
1982 1987 2228 2053 κατέχεον,
2271 1985 2350 2035 καὶ
2373 1987 2528 2037 λίθων

217 2070 383 2132 βολαῖς
421 2070 651 2135 πανδημεὶ
690 2073 738 2132 ἐς
778 2072 945 2132 αὐτοὺς
984 2076 1218 2140 χρώμενοι
1258 2081 1337 2123 τοῦ
1379 2073 1622 2123 ἀπεῶσθαι
1662 2074 1741 2123 τὶν
1780 2073 1986 2122 κίνδυνον
2028 2074 2077 2123 οὒ
2104 2077 2288 2141 μακράν
2315 2093 2401 2125 που
2423 2078 2528 2141 ἐγέ-

211 2177 364 2210 νοντο.
406 2161 563 2210 ἔπειτα
585 2162 636 2211 δὲ
664 2161 830 2221 αὐτοὺς
869 2162 1052 2223 πλήθει
1090 2162 1246 2223 βελῶν
1275 2164 1315 2212 οἱ
1340 2162 1562 2229 βάρβαροι
1588 2162 1852 2226 βιασάμενοι
1891 2163 2097 2212 ἐκλιπεῖν
2123 2182 2174 2213 τε
2199 2164 2283 2223 τὰς
2311 2163 2528 2225 ἐπάλξεις

212 2248 484 2314 ἠνάγκασαν
525 2249 605 2299 καὶ
632 2250 874 2313 κλίμακας
896 2252 961 2317 τῷ
986 2251 1220 2318 περιβόλῳ
1254 2253 1508 2319 ἐρείσαντες
1539 2252 1663 2301 κατὰ
1683 2254 1865 2318 ῑκράτος
1901 2253 1984 2313 τὴν
2010 2252 2145 2302 πόλιν
2174 2251 2318 2303 εἷλον.
2362 2255 2531 2321 ἄνδρας

209 2338 293 2400 μὲν
334 2334 412 2387 οὖν
451 2339 500 2397 ἐς
539 2339 944 2406 πεντακισχιλίους
998 2359 1048 2390 τε
1104 2339 1183 2390 καὶ
1234 2342 1418 2408 μυρίους
1458 2341 1604 2400 εὒθὺς
1644 2344 1849 2400 ἅπαντας
1890 2342 2099 2390 ἔκτειναν
2141 2341 2220 2391 καὶ
2265 2345 2414 2392 πάντα
2473 2344 2531 2393 τὰ

207 2429 430 2493 χρήματα
469 2428 731 2496 ἐληίσαντο,
770 2429 935 2489 παῖδας
976 2430 1026 2479 δὲ
1067 2428 1147 2480 καὶ
1185 2434 1409 2496 γυναῖκας
1450 2431 1498 2479 ἐν
1539 2429 1840 2497 ἀνδραπόδων
1879 2431 2148 2494 πεποίηνται
2187 2431 2340 2498 λόγῳ.
2379 2433 2532 2494 καίτοι

207 2517 267 2567 τὰ
304 2518 506 2583 πρότερα
546 2517 759 2580 οὔδεμιᾶς
797 2518 986 2581 ἠλικίας
1026 2520 1276 2586 ἐφείσαντο,
1320 2517 1432 2568 ἀλλ’
1476 2519 1602 2569 αὒτοί
1642 2538 1692 2568 τε
1735 2517 1813 2568 καὶ
1853 2519 1892 2568 οἱ
1933 2517 2183 2586 ξυμμορίας
2225 2525 2310 2582 τῆς
2350 2523 2531 2588 ἐτέρας,

208 2603 257 2665 ἐξ
315 2607 422 2655 ἕτου
478 2606 535 2667 δὴ
595 2612 652 2675 τῇ
693 2604 934 2670 Ῥωμαίων
997 2609 1266 2673 ἐπέσκηψαν
1324 2612 1473 2676 χώρα,
1533 2609 1640 2668 τοὺς
1694 2609 2069 2674 παραπίπτοντας
2109 2606 2314 2670 ἅπαντας
2352 2610 2529 2674 ἠβηδῖτν

210 2695 434 2745 ἔκτειναν.
475 2698 595 2745 ὥστε
633 2701 721 2761 γῆν
761 2700 954 2764 ἅπασαν,
994 2701 1113 2763 ἢπερ
1139 2695 1383 2764 Ἰλλυριῶν
1410 2717 1460 2748 τε
1490 2696 1568 2747 καὶ
1595 2698 1796 2764 Θρακῶν
1822 2698 1930 2765 ἐστι,
1982 2703 2159 2765 νεκρῶν
2199 2698 2418 2761 ἔμπλεων
2460 2701 2533 2763 ἐπὶ

213 2784 431 2834 πλεῖστον
471 2784 656 2850 ἀτάφων
695 2787 931 2850 γενέσθαι.
973 2787 1179 2836 ἔκτεινον
1229 2787 1278 2836 δὲ
1335 2786 1443 2846 τοὺς
1482 2787 1857 2853 παραπίπτοντας
1900 2788 2004 2836 οὔτε
2064 2785 2172 2853 ξίφει
2221 2789 2325 2838 οὔτε
2374 2790 2529 2855 δόρατι

214 2874 318 2924 οὔτε
358 2875 424 2940 τῷ
465 2873 604 2940 ἀλλῳ
643 2874 835 2925 εἰωθότι
873 2877 1045 2943 τρόπῳ,
1087 2875 1218 2924 ἀλλὰ
1257 2875 1501 2934 σκόλοπας
1542 2873 1614 2925 ἐπὶ
1653 2880 1737 2938 τῆς
1776 2880 1864 2940 γῆς
1889 2878 2141 2939 πηξάμενοι
2177 2873 2192 2947 Η
2233 2876 2524 2945 ἰσχυρότατα,
2557 2884 2603 2929 P·
2628 2877 2736 2918 444·

215 2960 334 3023 ἑξεῖς
373 2981 424 3012 τε
464 2963 630 3023 αὐτοὺς
669 2965 718 3023 ἐς
758 2964 816 3014 τὰ
854 2964 1056 3027 μάλιστα
1106 2967 1418 3032 ποιησάμενοι,
1469 2963 1541 3015 ἐπὶ
1593 2965 1768 3014 τούτων
1818 2961 1896 3024 ξὺν
1936 2964 2010 3032 βία
2055 2965 2217 3033 πολλῇ
2277 2966 2383 3024 τοὺς
2439 2966 2530 3016 δει-

216 3051 379 3112 λαίους
419 3052 658 3120 ἐκάθιζον,
699 3053 784 3114 τὴν
823 3053 1076 3104 σκολόπων
1119 3052 1274 3116 ἀκμὴν
1314 3053 1531 3118 γλουτῶν
1573 3053 1697 3102 κατὰ
1737 3054 1788 3102 τό
1830 3055 1969 3116 μέσον
2010 3053 2260 3121 ἐνείροντες
2287 3054 2526 3115 ὠθοῦντές

216 3159 268 3191 τε
308 3142 416 3208 ἄχρι
454 3142 502 3201 ἐς
542 3146 634 3190 τῶν
675 3141 938 3209 ἀνθρώπων
978 3143 1035 3192 τὰ
1075 3144 1270 3210 ἔγκατα,
1326 3143 1445 3191 οὔτω
1501 3142 1557 3203 δὴ
1600 3141 1764 3200 αὖτοὺς
1821 3143 2163 3209 διαχρήσασθαι
2221 3141 2390 3206 ἠξίουν.
2452 3142 2532 3194 καὶ

218 3219 337 3290 ξὺλα
377 3230 427 3280 δὲ
466 3232 622 3296 παχέα
661 3233 858 3298 τέτταρα
897 3230 970 3281 ἐπὶ
1008 3231 1226 3282 πλεῖστον
1267 3232 1315 3291 ἐς
1365 3237 1453 3296 γῆν
1506 3228 1847 3297 κατορύξαντες
1897 3232 1936 3281 οἱ
1991 3230 2211 3299 βάρβαροι
2265 3228 2403 3299 οὗτοι,
2455 3229 2525 3282 ἐπ’

220 3318 368 3369 αὒτῶν
408 3338 459 3369 τε
497 3323 657 3386 χεῖρας
698 3318 777 3369 καὶ
815 3321 962 3380 πόδας
1002 3325 1095 3370 τῶν
1135 3320 1401 3382 ἠλωκότων
1443 3320 1759 3386 δεσμεύοντες,
1800 3317 1898 3369 εἶτα
1940 3321 2158 3386 ῥοπάλοις
2198 3320 2364 3379 αὐτοὺς
2404 3321 2527 3370 κατα

218 3409 393 3475 κόρρης
433 3408 803 3474 ἐνδελεχέστατα
841 3405 1070 3476 παίοντες,
1113 3410 1177 3468 ὡς
1218 3410 1274 3470 δὴ
1316 3411 1459 3467 «κὺνας
1498 3412 1527 3469 ἢ
1572 3407 1690 3472 ἔφεις
1729 3412 1758 3470 ἢ
1801 3408 1927 3458 ἄλλο
1970 3427 2010 3458 τι
2048 3410 2215 3475 θηρίον
2257 3410 2527 3474 διέφθειοον.

2435 3454 2444 3475 δ

529 3495 551 3512 '-

220 3496 398 3557 ἀλλους
439 3498 489 3547 δὲ
530 3499 607 3557 ςίιν
647 3516 698 3547 τε
738 3496 864 3559 βουσὶ
903 3497 982 3548 καὶ
1019 3498 1283 3566 προβάτοις,
1326 3499 1408 3547 ὅσα
1461 3497 1516 3558 δὴ
1559 3497 1820 3562 ἐμάγεσθαι
1874 3498 1922 3556 ἐς
1975 3498 2033 3546 τα
2086 3500 2252 3564 πάτρια
2303 3499 2405 3560 ἤθη
2463 3498 2527 3556 ὡς

217 3589 387 3648 ἥκιστα
425 3584 568 3654 εἶχον,
610 3588 658 3637 ἐν
699 3590 794 3646 τοῖς
835 3588 1078 3650 δωματίοις
1120 3584 1478 3653 καθείρξαντες,
1521 3585 1708 3654 οὔδεμιᾷ
1747 3587 1887 3651 φειδοῖ
1914 3586 2264 3652 ἐνεπίμπρασαν.
2297 3588 2415 3635 οὔτω
2444 3587 2528 3648 μὲν

220 3674 490 3738 Σκλαβηνοὶ
542 3675 648 3735 τοὺς
688 3677 968 3741 ἐντυχόντας
1008 3674 1078 3726 ἀεὶ
1130 3675 1339 3743 ἀνῄρουν.
1402 3674 1533 3723 ἀλλα
1589 3681 1664 3723 νῦν
1714 3674 1840 3724 αὒτοί
1898 3693 1948 3724 τε
2005 3673 2084 3724 καὶ
2137 3675 2176 3723 οἱ
2232 3679 2314 3736 τῆς
2369 3676 2529 3739 ἑτέρας

222 3761 488 3830 ξυμμορίας,
548 3766 700 3830 ὥσπερ
742 3765 807 3830 τῷ
847 3769 939 3814 τῶν
979 3764 1183 3827 αἱμάτων
1239 3765 1498 3826 μεθῦοντες
1550 3762 1747 3829 πλήθει,
1797 3765 1984 3828 ζωγρεῖν
2038 3765 2089 3812 τὶ
2132 3763 2323 3812 ἐνθένδε
2375 3759 2528 3824 ἠξίουν

222 3857 313 3902 τῶν
352 3855 795 3919 παραπεπτωκότων
837 3853 976 3920 τινας,
1019 3851 1097 3902 καὶ
1136 3850 1212 3901 ἀπ’
1256 3852 1392 3901 αὒτοῦ
1433 3852 1652 3917 μυριάδας
1678 3851 1995 3917 αἰχμαλώτων
2022 3853 2298 3917 ἐπαγόμενοι
2331 3851 2529 3917 ἀριθμοῦ

224 3942 459 4007 κρείσσους
499 3942 570 3991 ἐπ’
611 3943 741 3991 οἴκου
783 3941 1166 4004 ἀπεκομίσθησαν
1211 3943 1456 3999 ἅπαντες.“

106 4087 108 4089 ,
402 4030 648 4097 Prokopij
707 4031 918 4092 omenja
972 4031 1081 4079 tudi
1132 4047 1161 4077 v
1212 4030 1411 4093 svojem
1470 4031 1613 4093 spisu
1669 4028 1798 4092 „De
1856 4029 2192 4087 aedificiis“‚
2252 4029 2336 4096 lv,
2383 4045 2423 4080 c.
2469 4044 2519 4075 11

0 4107 14 4183 5*
228 4114 413 4184 (Corp.
439 4121 611 4184 script.
635 4117 751 4170 hist.
778 4118 1006 4186 Byzant.,
1049 4117 1233 4175 XVIII,
1278 4133 1373 4165 rec.
1404 4115 1642 4173 Dindorf‚
1685 4135 1734 4183 p.
1767 4116 1911 4185 304),
1954 4119 2017 4166 da
2057 4135 2115 4167 so
2151 4107 2358 4167 Sloven'i
2404 4117 2528 4165 vzeli
