2872 4504
366 231 455 271 286
1411 215 1475 270 St.
1509 230 1609 270 254.

543 407 692 457 Ann.
729 406 1005 456 Lauresh.
1048 404 1111 452 ad
1152 421 1195 455 a.
1229 409 1332 470 776
1377 404 1535 466 (ibid,
1579 402 1612 468 1,
1658 401 1774 472 30):
1824 403 2079 467 „Perrexit
2116 419 2202 453 rex
2242 402 2426 454 Carlus
2469 407 2659 455 iterum

368 497 418 542 i'n
477 493 632 559 Italia,
684 504 734 542 et
774 494 857 541 illa
899 493 1100 542 castella
1157 508 1291 559 quae
1348 493 1551 540 residua
1594 503 1737 541 erant
1775 497 1996 559 recepit3
2038 503 2087 541 et
2125 492 2461 559 Hrotgauzus
2502 497 2660 544 inter-

367 581 534 631 fectus
577 589 694 633 est.“

540 672 692 721 Ann.
719 669 1007 721 Guelferb.
1038 669 1103 717 ad
1127 685 1171 720 a.
1195 668 1300 734 776
1325 665 1481 738 (ibid.,
1506 666 1540 734 1,
1578 665 1700 734 4o):
1730 667 1988 735 „Karolus
2017 670 2067 716 in
2094 667 2455 735 Langobardia
2484 672 2658 720 occiso

364 759 682 809 Rotcau20.“

539 846 689 896 Ann.
715 845 917 895 Nazar.
957 845 1021 893 ad
1060 861 1103 896 a.
1132 843 1234 910 776
1277 843 1437 912 (ibid.,
1479 843 1513 911 1,
1553 842 1668 912 4o):
1712 841 1934 894 Carolus
1976 859 2062 892 rex
2102 847 2321 909 perrexit
2361 847 2410 893 in
2453 845 2656 912 Lango-

365 934 596 983 bardiam
638 931 906 982 interfecto
948 930 1276 999 Rotgauzo“

536 1023 686 1073 Ann.
736 1022 1002 1072 Alaman.
1059 1022 1121 1070 ad
1163 1038 1207 1070 a.
1249 1021 1355 1088 776
1418 1019 1581 1090 (ibid,
1650 1020 1684 1082 1,
1726 1018 1851 1087 4o):
1907 1020 2166 1089 „Karolus
2227 1036 2314 1071 rex
2354 1024 2403 1070 in
2446 1021 2661 1091 Italiam,

361 1110 635 1160 interfecto
676 1108 1064 1176 Ruodgauzo.“

540 1199 755 1254 Chron.
798 1199 994 1250 Moiss,
1036 1198 1100 1246 ad
1141 1215 1184 1250 a.
1227 1203 1328 1262 776
1371 1196 1530 1267 (ibid.,
1573 1197 1607 1263 1,
1650 1195 1799 1266 296):
1845 1197 1947 1267 „Et
1986 1201 2035 1246 in
2078 1201 2315 1266 sequenti
2355 1215 2494 1248 anno
2536 1201 2662 1250 abiit

363 1289 551 1337 iterum
595 1303 681 1336 rex
724 1287 947 1335 Karolus
990 1291 1038 1335 in
1084 1286 1239 1351 Italia,
1290 1298 1340 1336 et
1377 1289 1571 1353 recepit
1610 1287 1693 1336 illa
1735 1287 1941 1336 castella
1980 1303 2115 1353 quae
2157 1288 2360 1336 residua
2401 1301 2559 1356 erant,
2610 1299 2661 1338 et

360 1375 619 1444 Rotgault
657 1374 955 1424 interfectus
998 1377 1117 1425 est.“

535 1465 686 1515 Ann.
711 1463 870 1515 Fuld.
896 1464 960 1512 ad
1001 1481 1045 1514 a.
1075 1469 1180 1530 776
1222 1462 1386 1533 (ibid.‚
1428 1463 1463 1524 1,
1499 1454 1662 1530 '349):
1706 1462 1966 1532 „Karolus
2006 1475 2185 1513 contra
2226 1463 2653 1531 Hruodgaudum

363 1554 412 1600 in
455 1551 652 1601 Italiam
697 1550 976 1618 profectus,
1016 1553 1242 1601 eundem
1285 1550 1575 1604 interficit.“

535 1654 701 1705 Pauli
761 1656 992 1706 diaconi
1035 1654 1421 1707 Continuatio
1476 1656 1742 1707 Romana
1782 1654 1845 1703 ad
1886 1671 1931 1708 a.
1962 1654 2068 1722 776
2109 1653 2251 1724 (MG.
2279 1653 2367 1706 SS.
2397 1671 2489 1708 rer.
2516 1655 2656 1706 Lan-

358 1745 498 1812 gob.,
544 1741 692 1812 202):
739 1742 1040 1811 „Rotchaus
1080 1745 1185 1793 dux
1228 1743 1602 1794 Furoiuliensis
1643 1744 1847 1794 rebellis
1888 1742 2189 1795 occiditur.“

538 1848 703 1898 Pauli
747 1848 976 1899 diaconi
1005 1847 1388 1899 Continuatio
1414 1848 1607 1911 tertia,
1649 1863 1690 1899 c.
1719 1847 1784 1912 63
1815 1845 1973 1916 (ibid.,
2016 1865 2064 1912 p.
2094 1847 2241 1915 214):
2276 1847 2415 1908 „Rex
2443 1853 2532 1912 (sc.
2558 1847 2658 1900 Ca-

357 1934 523 2004 rolus)
565 1948 810 2003 preterea,
864 1938 1064 1993 audito,
1108 1937 1252 2004 quod
1295 1935 1609 1985 Rothaudus
1647 1935 2025 2002 Langobardus
2067 1938 2116 1984 in
2160 1933 2429 2001 perfidiam
2473 1954 2652 1988 versus

355 2038 506 2086 esset,
560 2027 737 2076 denuo
799 2026 997 2075 Italiam
1063 2028 1278 2091 repetiit,
1342 2027 1806 2092 septingentesimo
1859 2026 2247 2092 septuagesimo
2310 2036 2453 2076 sexto
2510 2042 2651 2077 anno

357 2118 724 2165 incarnationis
750 2116 1028 2164 dominice.
1073 2113 1262 2164 Occiso
1291 2130 1508 2182 quoque
1548 2112 1884 2180 Rothgaudo,
1926 2111 2273 2172 Foroiulium,
2315 2112 2652 2165 Tharvisium

353 2215 512 2271 atque
566 2204 688 2252 alias
745 2206 973 2253 civitates
1029 2206 1080 2251 in
1138 2220 1231 2252 sua
1283 2203 1481 2252 ditione
1535 2205 1804 2268 recipiens,
1867 2200 2076 2251 Francis
2129 2218 2213 2251 eas
2253 2202 2318 2252 ad
2359 2203 2654 2252 custodiam

356 2295 638 2360 permisit.“

504 2396 647 2459 Ibid.,
670 2412 710 2448 c.
738 2395 803 2446 68
827 2396 880 2466 (Ι.
905 2412 945 2447 c.
975 2413 1022 2461 p.
1053 2393 1202 2463 215):
1250 2395 1456 2453 „Primo
1497 2411 1636 2444 anno
1676 2394 1867 2445 Leonis
1912 2396 2238 2462 imperatoris
2257 2393 2296 2464 ¹)
2333 2397 2650 2465 quibusdam

353 2485 695 2534 rebellionem
736 2487 786 2533 in
830 2483 969 2533 Italia
992 2484 1376 2552 meditantibus,
1417 2483 1613 2533 Italiam
1643 2486 1825 2550 repetit
1849 2498 1935 2532 rex
1960 2494 2148 2550 potens
2174 2483 2398 2536 Karolus
2416 2485 2657 2556 Magnus,

355 2574 544 2623 urbem
586 2573 898 2623 Forumiulii
941 2576 1077 2640 cepit
1102 2584 1152 2622 et
1174 2574 1360 2623 ducem
1384 2575 1494 2622 eius
1515 2572 1922 2622 Heiroliandum
1939 2567 1979 2635 ²)
2010 2573 2307 2623 rebellionis
2333 2576 2655 2626 incentorem

350 2663 597 2713 decollari
641 2663 922 2719 mandavit,
966 2665 1144 2712 ceteris
1171 2674 1345 2711 autem
1375 2664 1639 2711 maiestate
1680 2663 1759 2711 sui
1801 2663 2032 2711 nominis
2071 2662 2315 2712 timorem
2340 2660 2652 2733 incussit.“⁸)

529 2767 797 2817 Andreae
836 2765 1201 2830 Bergomatis
1240 2766 1518 2829 Historia,
1560 2781 1602 2818 c.
1627 2779 1662 2829 4
1702 2762 1861 2834 (ibid.‚
1904 2781 1953 2830 p.
1988 2761 2137 2832 224):
2170 2763 2651 2834 „Foroiulanorum

348 2855 458 2904 dux
497 2866 620 2905 tunc
659 2857 910 2919 temporis
950 2854 1245 2904 Rotcausus
1287 2866 1500 2922 preerat,
1539 2866 1588 2904 et
1628 2856 1679 2903 in
1722 2853 1992 2904 Vincentia
2033 2852 2249 2907 Gaidus.
2292 2854 2415 2924 Qui,
2464 2855 2646 2907 auditu

353 2943 675 2993 Francorum
728 2944 1080 2993 devastatione
1133 2955 1183 2993 et
1237 2946 1347 2993 eius
1408 2944 1692 2993 adventum
1749 2942 1894 3011 quod
1961 2945 2017 2991 in
2060 2941 2292 2993 Foroiuli
2334 2956 2649 3010 properaret,

349 3034 782 3099 congregatisque
824 3043 881 3081 ut
921 3042 1174 3100 poterant,
1215 3034 1422 3083 obviarn
1465 3048 1650 3082 eorum
1678 3032 1743 3081 ad
1772 3042 1932 3098 ponte
1973 3034 2063 3100 qui
2104 3032 2292 3082 dicitur
2319 3029 2650 3104 Liquentia⁴)

350 3124 607 3180 exierunt,
649 3132 696 3170 et
739 3122 929 3171 ibidem
990 3139 1177 3189 magna
1218 3133 1411 3187 strages
1451 3121 1515 3171 de
1556 3120 1765 3171 Francis
1807 3119 2057 3173 fecerunt.
2103 3120 2326 3171 Karolus
2365 3137 2488 3172 vero
2527 3121 2657 3174 haec

351 3211 586 3268 audiens,
630 3211 885 3259 mandans
926 3226 1110 3260 eorum
1151 3209 1411 3260 fidelitatis
1450 3208 1607 3259 fidem
1650 3220 1985 3277 suscepturos
2026 3220 2076 3259 et
2113 3207 2482 3274 honoraturos,
2524 3210 2650 3262 Rot-

349 3315 538 3349 causus
579 3310 629 3349 et
669 3298 866 3349 Gaidus
907 3300 1128 3349 ducibus
1169 3316 1290 3350 cum
1334 3300 1522 3349 nobilis
1565 3298 2007 3349 Foroiulanorum
2050 3298 2269 3348 consilio
2311 3301 2456 3366 inito,
2498 3310 2556 3349 ut
2594 3317 2647 3350 se

350 3387 560 3436 viriliter
600 3391 931 3439 contenisset.
975 3388 1099 3438 Erat
1138 3389 1353 3456 quidem
1396 3389 1614 3455 exipsis,
1653 3390 1735 3438 cui
1760 3390 1860 3437 iam
1887 3403 2103 3436 munera
2125 3385 2300 3437 Caroli
2328 3399 2654 3439 excecaverat

349 3491 455 3536 cor,
507 3477 605 3525 tale
659 3477 802 3526 dedit
840 3479 1087 3529 consilio:
1132 3476 1310 3546 „Quid
1366 3473 1644 3526 faciemus?
1685 3475 1978 3537 Quomodo
2019 3491 2204 3526 eorum
2244 3479 2474 3527 resistere
2532 3494 2653 3544 pos-

344 3561 562 3614 sumus?
605 3561 848 3634 Capud⁵)
891 3580 998 3615 non
1042 3565 1310 3618 habemus„
1352 3565 1548 3634 Regem
1600 3563 1999 3615 confortationis
2025 3575 2229 3615 nostrae
2266 3567 2367 3614 iam
2409 3566 2645 3616 devictus

529 3724 561 3782 ¹)
593 3726 890 3771 Bizantinski
920 3739 1056 3772 cesar
1088 3727 1219 3772 Leon
1251 3727 1332 3771 IV.
1347 3728 1400 3783 je
1431 3725 1592 3772 vladal
1628 3726 1691 3771 od
1724 3729 1972 3772 775—780.

529 3799 561 3854 ²)
595 3801 723 3844 Prav
755 3812 808 3845 za
839 3813 960 3857 prav
997 3799 1410 3856 „Hrodgaudum‘.

533 3874 565 3930 ³)
596 3874 791 3929 Pisatelj
819 3877 870 3931 je
902 3875 944 3919 iz
975 3875 1099 3920 dveh
1130 3876 1272 3920 virov
1303 3875 1500 3932 zajemal
1530 3875 1579 3919 in
1610 3874 1725 3918 tako
1750 3875 1804 3929 je
1834 3874 2038 3919 dvakrat
2070 3878 2131 3929 (c.
2156 3878 2211 3920 63
2245 3874 2294 3918 in
2326 3885 2364 3919 c.
2388 3874 2462 3931 68)
2485 3887 2515 3919 o
2536 3874 2650 3920 istih

345 3947 596 4002 dogodkih
628 3949 830 4003 govoril.

533 4020 566 4076 ⁴)
599 4022 733 4066 Reka
765 4022 970 4067 Livenza
1000 4036 1033 4067 v
1064 4023 1307 4079 FurlaniJi.

533 4094 569 4147 ⁵)
602 4095 656 4140 T.
672 4097 708 4151 j.
734 4102 890 4152 caput.
