2872 4504
371 223 456 263 250
1399 207 1464 262 ἔτ.
1497 222 1597 262 205.

538 395 622 449 Ko
659 395 712 462 je
766 397 878 449 bila
934 396 1141 449 eerkev
1180 410 1216 446 v
1255 395 1723 448 Bisohofshofenu
1774 394 2164 465 izgotovljena,
2218 396 2273 462 J'e
2326 411 2409 451 SV.
2450 397 2657 465 Rupert

359 484 610 552 poklioal
661 483 903 550 vojvoda
961 483 1304 537 Teodeberta
1357 490 1438 535 ter
1492 498 1580 535 mu
1633 484 1917 550 naznauil„
1943 483 1994 535 iz
2033 484 2297 551 katerega
2354 485 2565 538 vzroka
2599 485 2656 552 je

359 573 600 640 postavil
641 573 871 625 oevkev.
912 571 1156 624 Posvetil
1197 571 1252 635 jo
1287 570 1343 637 je
1382 587 1452 623 na
1494 570 1611 624 &ast
1650 586 1730 624 sv.
1770 570 2208 637 Maksimilijanu
2257 580 2340 624 ter
2378 573 2656 626 imenoval

358 660 587 713 ondotni
627 659 748 725 kraj
791 660 1032 727 Pongau.
1071 659 1217 712 Nato
1257 659 1311 725 je
1351 659 1533 726 poslal
1573 658 1646 724 tja
1686 659 1903 712 menihe
1941 659 1998 712 iu
2038 660 2375 729 duhovnike,
2415 661 2653 715 katerim

354 747 410 815 je
462 749 554 801 dal
607 747 871 801 nekatera
941 755 1205 815 posestva
1271 747 1644 814 solnograske
1697 747 1905 800 cerkve
1955 763 1992 800 v
2044 749 2187 801 fevd.
2248 748 2459 815 Mnogo
2529 747 2658 802 oasa

356 852 422 890 so
448 845 632 904 potem
657 837 695 888 ti
725 834 928 889 uiivali
961 834 1183 889 dotione
1208 836 1385 888 fevde.
1427 834 1662 901 PozneJe
1689 851 1751 889 se
1770 834 1827 902 je
1850 836 2090 903 zgodilo,
2118 838 2187 889 da
2211 852 2278 890 so
2317 852 2396 890 so
2415 836 2656 903 sednji

358 922 661 978 Sloven
685 925 755 977 oi
795 924 1050 992 pregnali
1095 931 1147 976 te
1187 925 1357 991 brate‚
1397 923 1588 976 katere
1623 923 1678 989 Je
1718 924 2090 992 solnograska
2133 923 2339 978 cerkev
2383 926 2600 993 poslala
2624 940 2661 978 v

355 1012 598 1080 Pongau.
636 1012 845 1080 Mnogo
884 1010 1015 1066 oasa
1048 1011 1105 1078 J'e
1144 1012 1255 1065 bila
1295 1018 1478 1080 potem
1518 1010 1715 1066 recena
1755 1012 1962 1066 oerkev
2001 1014 2212 1082 podrta‚
2251 1012 2354 1066 ker
2372 1013 2428 1079 J'e
2467 1014 2653 1067 vedno

355 1102 553 1169 pretila
592 1107 892 1154 nevarnost
931 1101 1003 1153 od
1042 1101 1216 1154 strani
1257 1100 1573 1168 poganskih
1614 1100 1944 1155 Slovencev.

533 1188 617 1242 Ko
657 1204 718 1241 se
752 1187 808 1254 je
848 1188 1115 1241 bavarski
1152 1187 1394 1255 vojvoda
1434 1188 1639 1242 Odilon
1678 1189 1889 1257 napotil
1929 1189 1986 1259 (v
2023 1189 2376 1243 frankovsko
2415 1187 2661 1259 driavo)‚

353 1292 423 1345 ga
460 1275 514 1343 je
553 1276 839 1344 spremljal
893 1276 1184 1330 duhovnik
1237 1276 1361 1344 Urz,
1399 1276 1461 1330 ki
1497 1276 1552 1342 je
1593 1277 1669 1330 bil
1708 1278 1871 1330 doma
1911 1293 1947 1328 v
1986 1276 2165 1346 kraju,
2219 1278 2418 1331 Albina
2439 1275 2477 1346 ¹)
2529 1277 2657 1330 ime-

353 1380 642 1418 novanem.
695 1365 778 1418 Ta
818 1364 941 1431 kraj
978 1364 1035 1431 je
1075 1365 1318 1431 vojvoda
1357 1364 1670 1419 Teodebert
1725 1366 1942 1434 podaril
1994 1366 2193 1419 cerkvi
2248 1381 2330 1419 sv.
2368 1365 2659 1420 Maksimi-

353 1452 521 1519 lijana
560 1454 758 1522 takrat,
800 1453 876 1507 ko
911 1453 972 1518 jo
1009 1453 1064 1519 Je
1103 1454 1240 1507 skos
1273 1454 1481 1521 Rupert
1520 1454 1780 1521 postavil.
1821 1453 1932 1508 Ker
1969 1453 2022 1520 ie
2060 1455 2172 1507 bila
2210 1453 2410 1508 recena
2450 1453 2659 1507 oerkev

312 1587 316 1593 x
352 1544 518 1595 zarad
556 1542 873 1610 poganskih
913 1542 1228 1596 Slovencev
1267 1557 1472 1610 mnogo
1513 1542 1643 1596 oasa
1683 1544 1896 1611 podrta‚
1920 1541 1976 1610 je
2000 1543 2289 1596 duhovnik
2327 1542 2440 1597 Urz
2478 1541 2659 1610 prosil

214 1843 225 1855 .
259 1815 330 1856 21.

355 1629 596 1697 vojvoda
647 1630 904 1697 Odilona,
943 1632 1013 1684 da
1054 1632 1108 1683 bi
1149 1647 1238 1684 mu
1278 1631 1370 1685 dal
1411 1646 1446 1683 v
1484 1633 1611 1684 fevd
1664 1641 1738 1701 to,
1789 1631 1896 1684 kar
1943 1630 2000 1698 je
2055 1630 2297 1697 vojvoda
2350 1631 2661 1686 Teodebert

355 1719 564 1788 podelil
605 1720 800 1773 cerkvi
841 1735 922 1772 sv.
961 1719 1396 1785 Maksimilijana
1437 1720 1494 1773 in
1534 1735 1604 1788 pa
1643 1720 1812 1774 skofu
1851 1720 2111 1789 Rupertu.

539 1809 759 1861 Breves
799 1811 1062 1878 notitiae,
1102 1826 1142 1861 c.
1172 1825 1197 1875 3
1248 1808 1573 1879 (Hauthaler,
1629 1808 1937 1877 Salzburger
1991 1807 2433 1866 Urkundenbuch,
2488 1826 2537 1875 p.
2580 1821 2662 1875 21,

360 1893 477 1964 22):
525 1897 742 1956 „Beatus
784 1914 997 1965 quoque
1039 1897 1338 1948 Rfidbertus
1367 1910 1491 1948 tunc
1518 1899 1657 1947 misit
1684 1899 1910 1947 eundem
1940 1899 2283 1964 presbiterum
2322 1897 2656 1963 Deoningum

356 1986 420 2035 ad
455 1984 805 2035 Theodonem
845 1987 1053 2051 ducem,
1103 1998 1160 2036 ut
1199 1986 1391 2036 diceret
1431 1988 1476 2036 ei
1517 1987 1618 2036 hoc
1658 1998 1828 2036 totum
1872 2003 1964 2052 per
2004 1987 2243 2036 ordinem
2285 1997 2334 2036 et
2374 1998 2430 2035 ut
2458 1995 2661 2052 rogaret

357 2077 530 2140 ipsum
573 2076 763 2124 ducem
803 2087 982 2125 sancto
1023 2075 1299 2126 Rudberto
1358 2076 1477 2125 dare
1533 2077 1792 2125 licentiam
1851 2076 2120 2125 ecclesiam
2164 2076 2228 2125 ibi
2274 2086 2571 2125 construere
2613 2086 2663 2125 et

356 2162 648 2212 habitacula
703 2180 975 2213 servorum
1027 2165 1126 2223 dei,
1175 2175 1224 2214 et
1263 2164 1491 2214 Theodo
1534 2166 1638 2214 dux
1679 2167 1745 2213 ita
1788 2167 1833 2213 ei
1874 2165 2133 2215 licentiam
2176 2165 2333 2214 dedit.
2402 2163 2660 2232 Venitque

356 2253 548 2301 ibidem
591 2254 821 2302 domnus
861 2253 1167 2316 Rfidpertus
1210 2256 1489 2320 episcopus
1530 2265 1580 2303 et
1619 2256 1755 2320 cepit
1794 2255 1860 2304 ibi
1904 2270 2023 2303 cum
2050 2252 2357 2303 hominibus
2382 2256 2488 2303 suis
2515 2256 2661 2302 extir-

356 2356 477 2406 pare
520 2352 568 2390 et
619 2357 840 2408 purgare
897 2345 1070 2408 ipsum
1124 2344 1303 2392 locum
1357 2354 1407 2392 et
1459 2358 1670 2408 parvam
1726 2343 1993 2392 ecclesiam
2047 2353 2319 2410 ceteraque
2372 2341 2662 2392 habitacula

357 2427 608 2482 edificare.
649 2429 846 2479 Interea
872 2447 995 2480 vero
1025 2430 1252 2480 Theodo
1278 2429 1636 2481 infirmabatur
1662 2432 2159 2498 commendavitque
2188 2429 2296 2481 filio
2323 2448 2420 2481 suo
2448 2430 2662 2481 Theod-

358 2519 502 2568 berto
545 2519 792 2567 ducatum
836 2518 1066 2569 Bawarie
1094 2531 1143 2569 et
1170 2521 1353 2569 domni
1381 2520 1630 2571 Rfidberti
1669 2522 1900 2587 episcopi
1931 2536 2142 2570 causam
2170 2518 2388 2570 fideliter
2412 2521 2663 2570 tuendam

358 2617 407 2656 et
447 2609 714 2656 iuniorum
759 2609 887 2673 eius,
930 2610 1082 2675 eique
1124 2609 1187 2657 ad
1230 2608 1653 2660 christianitatem
1679 2627 1830 2659 suam
1856 2611 2074 2659 libenter
2100 2610 2309 2659 obedire
2336 2621 2385 2659 et
2412 2610 2475 2658 ad
2507 2626 2664 2658 omne

359 2713 494 2762 opus
536 2696 617 2744 dei
659 2697 933 2764 diligenter
974 2698 1043 2746 illi
1086 2699 1333 2755 auxiliari,
1379 2710 1428 2748 et
1470 2711 1527 2749 ut
1566 2700 1629 2748 ad
1672 2701 1846 2766 ipsum
1887 2700 2083 2768 locum,
2126 2701 2175 2747 in
2219 2715 2371 2747 suam
2411 2699 2666 2753 elevando

358 2786 652 2834 mercedem
695 2782 914 2835 fideliter
954 2802 1045 2852 per
1086 2790 1265 2836 omnia
1319 2787 1597 2838 adiuvaret.
1672 2787 1825 2838 Facta
1866 2799 2041 2837 autem
2095 2789 2163 2838 ibi
2206 2787 2418 2837 ecclesia
2459 2798 2666 2837 sanctus

360 2873 659 2923 Rfidbertus
716 2877 1026 2924 convocavit
1078 2876 1272 2925 ibidem
1327 2875 1726 2926 Theodbertum
1783 2877 1971 2926 ducem
2021 2887 2070 2925 et
2109 2877 2375 2926 nunciavit
2414 2878 2458 2924 ei
2501 2879 2666 2942 ipsam

360 2979 571 3011 causam
615 2978 708 3029 per
748 2964 1004 3022 ordinem,
1049 2976 1098 3014 et
1139 2967 1205 3013 ita
1248 2976 1457 3032 accepta
1498 2967 1560 3015 ab
1591 2982 1652 3015 eo
1680 2976 1935 3032 potestate
1965 2967 2284 3014 consecravit
2310 2967 2476 3030 ipsam
2508 2965 2667 3014 eccle-

359 3053 488 3099 siam
532 3054 582 3099 in
626 3051 828 3101 honore
870 3055 1029 3102 sancti
1075 3053 1412 3103 Maximiliani
1466 3066 1514 3104 et
1569 3057 1741 3120 ipsum
1797 3055 1975 3104 locum
2031 3056 2324 3103 nominavit
2367 3053 2552 3121 Pongo
2582 3094 2630 3107 ..
2657 3093 2669 3105 .

318 3184 330 3197 ,
362 3136 376 3207 I
416 3182 424 3190 .
469 3179 480 3190 .
525 3179 534 3189 .
577 3181 588 3193 .
631 3140 792 3201 Quod
834 3142 959 3190 dum
1005 3141 1201 3192 factum
1244 3141 1438 3203 fuisset,
1481 3144 1659 3193 multis
1701 3143 2028 3210 temporibus
2068 3142 2171 3193 hoc
2211 3142 2472 3192 habebant
2505 3146 2554 3192 in
2583 3143 2667 3192 be·

359 3226 550 3277 neficio
594 3231 656 3277 ab
700 3231 809 3294 ipsa
850 3230 987 3285 sede,
1031 3234 1272 3297 quamvis
1314 3242 1519 3281 versuta
1561 3235 1857 3282 intencione
1900 3232 2092 3282 ibidem
2149 3234 2412 3284 servirent.
2473 3231 2668 3281 Interea

355 3319 587 3381 contigit,
632 3328 689 3366 ut
727 3334 755 3366 a
796 3319 976 3367 vicinis
1034 3315 1285 3387 Sclauis²)
1343 3320 1412 3368 illi
1466 3319 1660 3390 fratres,
1719 3323 1808 3388 qui
1866 3322 1928 3371 ad
1973 3317 2158 3388 Pong'o
2200 3322 2263 3370 de
2304 3321 2667 3387 Salzburgensi

356 3406 476 3454 sede
520 3407 711 3455 ibidem
756 3408 994 3456 destinati
1037 3419 1195 3476 erant,
1237 3409 1355 3457 inde
1383 3411 1790 3480 expellebantur,
1831 3422 1880 3460 et
1909 3413 1976 3460 ita
2004 3411 2181 3460 multis
2208 3411 2535 3477 temporibus
2563 3421 2669 3459 erat

356 3495 616 3543 devastata
658 3495 840 3544 eadem
880 3497 1006 3545 cella
1047 3509 1260 3563 propter
1300 3500 1612 3548 inminentes
1654 3499 1870 3549 Sclauos
1913 3510 1962 3549 et
2002 3499 2236 3549 crudeles
2277 3497 2562 3567 paganOS.“

536 3598 663 3651 Ibid.
697 3615 737 3650 e.
766 3603 794 3649 8
837 3598 888 3669 (1.
916 3616 954 3650 e.
986 3617 1036 3666 p.
1068 3598 1184 3668 27):
1248 3601 1334 3660 „In
1378 3605 1796 3668 peregrinatione
1846 3602 2074 3653 Otilonis
2115 3604 2261 3654 ducis
2303 3602 2400 3653 fuit
2441 3619 2561 3653 cum
2604 3619 2666 3652 eo

357 3687 573 3752 quidam
617 3689 866 3752 presbiter
906 3689 1204 3754 capellanus
1247 3691 1357 3739 eius
1400 3690 1564 3740 Ursus
1606 3695 1839 3761 nomine,
1879 3695 1970 3759 qui
2012 3694 2075 3741 de
2118 3694 2200 3742 illa
2229 3693 2534 3759 genealogia
2562 3703 2669 3740 erat

540 3834 570 3887 ¹)
604 3834 806 3888 Najbrie
838 3835 1022 3888 sedanii
1057 3835 1284 3880 Oberalm
1315 3837 1389 3892 pri
1423 3837 1647 3882 Halleinu
1678 3850 1740 3882 na
1771 3837 2163 3894 Solnograskem.

537 3907 572 3959 ²)
605 3909 651 3949 Iz
683 3907 829 3951 hesed
868 3921 918 3963 „a
950 3909 1122 3952 vicinis
1153 3910 1364 3954 Sclauis“
1404 3912 1447 3963 ie
1479 3912 1722 3966 razvidno,
1754 3913 1813 3956 da
1845 3925 1955 3957 nam
1984 3915 2031 3969 je
2062 3920 2113 3957 tu
2145 3913 2308 3958 misliti
2332 3926 2391 3957 na
2416 3913 2666 3970 Slovence‚

358 3989 417 4021 ne
449 3991 509 4034 pa
541 3992 602 4023 na
632 3981 759 4024 kake
799 3981 947 4036 druge
993 3982 1215 4027 Slovane.
1263 3984 1334 4027 Ne
1366 3985 1499 4028 dale&
1531 3985 1594 4028 od
1628 3986 1855 4041 Pongaua
1896 3994 2096 4031 unstran
2143 3987 2244 4031 Tur
2275 3999 2339 4043 po
2373 3987 2669 4044 Lungau·u‚

359 4062 608 4096 severnem
641 4054 916 4098 K01·o{kem
948 4055 995 4098 in
1027 4057 1464 4102 severozahodnem
1506 4048 1800 4114 Stajerskem
1833 4073 1890 4104 so
1922 4074 1955 4104 v
1986 4073 2170 4105 osmem
2202 4061 2396 4116 stoletju
2429 4060 2664 4116 prebivali

360 4123 598 4170 Slovenci.
