2872 4504
1299 273 1365 328 St.
1398 286 1498 327 326.
2465 283 2549 324 359

254 457 572 508 Saxonicum
628 459 750 509 huic
805 461 941 510 bello
995 464 1262 519 successim
1321 462 1448 509 illud
1507 460 1761 524 videlicet,
1815 457 1963 524 quod
2011 466 2190 505 contra
2233 459 2427 504 Avares
2468 456 2549 505 vel

254 547 447 597 Hunos
472 559 776 614 susceptum
805 560 895 601 est.
940 548 1103 609 Quod
1132 551 1213 599 ille
1256 560 1305 598 et
1344 551 1633 598 animosius
1674 562 1834 615 quam
1877 555 2043 595 cetera
2084 554 2133 593 et
2173 544 2328 610 longe
2371 546 2554 598 maiori

257 646 510 702 apparatu
566 637 956 689 administravit.
1015 637 1186 688 Unam
1240 649 1414 686 tamen
1457 652 1548 702 per
1587 653 1640 685 se
1682 634 2103 684 in‘Pannoniam
2145 661 2217 669 —
2258 648 2378 680 nam
2421 630 2555 681 hanc

255 726 580 790 provinciam
621 741 679 773 ea
719 739 846 790 gens
885 736 999 774 tum
1042 726 1302 775 incolebat
1343 755 1410 763 —
1453 724 1838 789 expeditionem
1883 716 2074 788 fecit;¹)
2114 730 2282 770 cetera
2308 718 2417 768 filio
2458 735 2556 768 suo

258 811 480 878 Pippino
503 829 561 862 ac
589 812 861 878 praefectis
889 815 1294 879 provinciarum,
1337 814 1619 863 comitibus
1655 814 1809 861 etiam
1839 821 1995 878 atque
2024 810 2203 875 legatis
2243 806 2559 873 perficienda

262 903 539 954 commisit.
590 900 753 961 Quod
795 917 912 951 cum
970 902 1032 951 ab
1073 901 1152 950 his
1205 903 1601 951 strennuissime
1644 899 1826 949 fuisset
1877 899 2315 954 administratum,
2371 907 2556 946 octavo

256 989 464 1038 tandem
498 1005 637 1038 anno
663 991 987 1056 completum
1031 1000 1120 1042 est.
1162 989 1311 1050 Quot
1350 990 1548 1055 proelia
1589 991 1639 1037 in
1683 1005 1746 1038 eo
1787 998 1945 1054 gesta,
1989 996 2248 1054 quantum
2291 986 2557 1052 sanguinis

259 1076 482 1127 effusum
524 1081 605 1137 sit,
648 1090 862 1128 testatur
901 1095 1063 1128 vacua
1105 1081 1252 1127 omni
1293 1077 1583 1127 habitatore
1620 1077 1889 1126 Pannonia
1917 1086 1967 1125 et
1983 1076 2148 1132 locus,
2192 1076 2243 1122 in
2273 1090 2382 1141 quo
2422 1075 2561 1139 regia

258 1166 458 1235 Kagani
501 1178 621 1226 erat,
664 1169 731 1215 ita
773 1168 1021 1224 desertus,
1082 1177 1138 1215 ut
1177 1183 1240 1215 ne
1282 1168 1558 1233 vestigium
1601 1165 1814 1233 quidem
1860 1167 1909 1213 in
1953 1180 2016 1213 eo
2058 1162 2321 1212 humanae
2362 1162 2562 1211 habita-

254 1258 412 1305 tionis
464 1267 725 1321 appareat.
785 1255 924 1305 Tota
977 1258 1027 1303 in
1085 1254 1188 1304 hoc
1242 1256 1378 1304 bello
1420 1255 1705 1304 Hunorum
1750 1254 1992 1303 nobilitas
2032 1254 2199 1320 periit,
2249 1262 2358 1301 tota
2398 1252 2562 1318 gloria

264 1345 479 1406 decidit3
521 1347 695 1393 omnis
734 1347 956 1411 pecunia
998 1355 1047 1393 et
1086 1347 1317 1411 congesti
1360 1361 1422 1392 ex
1459 1345 1621 1410 longo
1651 1354 1889 1409 tempore
1929 1341 2159 1392 thesauri
2199 1341 2384 1407 direpti
2425 1350 2564 1392 sunt.

255 1433 446 1501 Neque
503 1434 672 1483 ullum
726 1435 923 1483 bellum
977 1444 1156 1483 contra
1214 1432 1442 1482 Francos
1500 1442 1738 1481 exortum
1792 1431 2024 1480 humana
2079 1439 2252 1496 potest
2307 1431 2564 1478 memoria

261 1523 537 1590 recordari,
577 1539 686 1590 quo
731 1524 799 1571 illi
843 1525 1007 1589 magis
1049 1523 1192 1572 ditati
1235 1533 1284 1571 et
1324 1522 1513 1588 opibus
1554 1524 1689 1571 aucti
1730 1523 1845 1571 sint.
1888 1518 2103 1586 Quippe
2145 1535 2267 1568 cum
2311 1535 2477 1586 usque
2511 1521 2563 1567 in

259 1611 310 1660 id
354 1613 606 1677 temporis
647 1628 780 1677 pene
823 1627 1079 1678 pauperes
1119 1595 1435 1672 viderentur,
1490 1620 1693 1659 tantum
1738 1612 1847 1658 auri
1890 1619 1940 1658 et
1979 1610 2173 1677 argenti
2217 1609 2267 1656 in
2311 1609 2449 1675 regia
2487 1622 2563 1656 re-

262 1712 491 1768 pertum,
528 1711 607 1750 tot
634 1701 800 1766 spolia
829 1702 1087 1766 praetiosa
1128 1703 1177 1748 in
1220 1700 1432 1766 proeliis
1473 1699 1690 1767 sublata,
1731 1708 1789 1748 ut
1829 1700 2015 1747 merito
2058 1679 2194 1747 credi
2238 1698 2418 1762 possit.
2461 1695 2563 1745 hoc

262 1788 492 1840 Francos
535 1790 708 1838 Hunis
751 1792 881 1839 iuste
924 1792 1189 1859 eripuisse,
1243 1789 1389 1857 quod
1431 1788 1576 1837 Huni
1619 1790 1762 1854 prius
1803 1788 1912 1836 aliis
1954 1786 2196 1853 gentibus
2239 1787 2427 1835 iniuste
2469 1787 2568 1833 eri-

265 1889 510 1945 puerunt.
553 1878 673 1927 Duo
715 1888 920 1928 tantum
962 1895 1021 1927 ex
1063 1879 1367 1944 proceribus
1408 1876 1732 1926 Francorum
1775 1892 1838 1925 eo
1881 1875 2018 1924 bello
2061 1876 2340 1940 perierunt:
2383 1872 2567 1923 Ericus

260 1968 366 2016 dux
392 1967 745 2017 Foroinlanus
769 1970 819 2016 in
844 1968 1095 2017 Liburnia
1118 1970 1257 2016 iuxta
1281 1965 1659 2034 Tharsaticam‚
1700 1966 2018 2014 maritimam
2045 1966 2324 2027 civitatem,
2368 1962 2566 2012 insidiis

262 2057 652 2123 oppidanorum
709 2060 1048 2122 interceptus;
1104 2068 1153 2104 et
1213 2054 1473 2104 Geroldus
1528 2054 1793 2103 Baioariae
1836 2051 2143 2119 praefectus,
2204 2055 2254 2100 in
2296 2051 2570 2101 Pannonia

262 2162 386 2196 cum
411 2158 593 2196 contra
619 2146 807 2196 Hunos
830 2147 1180 2212 proeliaturus
1202 2148 1367 2195 aciem
1411 2154 1645 2212 strueret,
1686 2145 1988 2193 incertuma
2029 2158 2156 2211 qim,
2196 2157 2315 2191 cum
2360 2141 2570 2191 duobus

259 2245 483 2301 tantum,
525 2238 616 2303 qui
659 2252 783 2284 eum
826 2237 1220 2302 obequitantem
1262 2250 1320 2284 ac
1361 2233 1597 2301 singulos
1637 2231 1932 2282 hortantem
1977 2231 2378 2300 comitabantur,
2417 2233 2570 2279 inter-

261 2323 426 2375 fectus
455 2335 546 2379 est.
589 2323 837 2374 Ceterum
863 2326 1195 2374 incruentum
1217 2340 1351 2389 pene
1378 2321 1587 2372 Francis
1609 2320 1712 2371 hoc
1731 2321 1928 2370 bellum
1953 2319 2051 2369 fuit
2078 2331 2128 2369 et
2154 2322 2570 2387 prosperrimum
2615 2339 2620 2343 ·

262 2417 457 2464 exitum
498 2412 695 2472 habuit,
738 2415 942 2463 tametsi
983 2414 1178 2462 diutius
1219 2415 1297 2461 sui
1340 2411 1702 2478 magnitudine
1743 2407 2083 2461 traheretur“.

438 2519 590 2571 Ann.
628 2518 908 2569 Einhardi
967 2518 1031 2566 ad
1073 2534 1116 2568 a.
1155 2533 1277 2584 799.
1316 2514 1418 2586 (ed.
1458 2514 1515 2567 F.
1544 2515 1734 2584 Kurze,
1773 2532 1823 2581 p.
1859 2512 2005 2582 109):
2053 2515 2300 2579 „Accepit
2341 2509 2432 2581 (sc.
2463 2511 2570 2578 rex)

264 2610 419 2658 etiam
462 2609 660 2658 tristem
701 2611 946 2657 nuntium
990 2607 1054 2655 de
1084 2605 1298 2656 Geroldi
1328 2616 1378 2654 et
1405 2603 1542 2654 Erici
1585 2606 1810 2671 interitu,
1850 2619 2083 2671 quorum
2125 2603 2266 2670 alter,
2306 2600 2568 2651 Geroldus

262 2698 503 2748 videlicet
550 2697 818 2747 Baioariae
873 2695 1182 2762 praefectus,
1238 2696 1525 2744 commisso
1568 2709 1689 2743 cum
1732 2693 1906 2741 Hunis
1946 2692 2148 2758 proelio
2192 2691 2394 2758 cecidit,
2445 2690 2571 2739 alter

262 2802 405 2844 vere,
467 2787 516 2836 id
558 2797 634 2836 est
674 2785 873 2844 lineus,
917 2797 1038 2852 post
1078 2786 1243 2834 multa
1285 2784 1482 2850 proelia
1523 2794 1573 2832 et
1613 2784 1840 2850 insignes
1881 2783 2122 2831 victorias
2166 2780 2308 2848 apud
2348 2778 2570 2829 Tharsa-

264 2877 418 2926 ticam
433 2876 715 2926 Liburniae
729 2878 987 2925 civitatem
1005 2875 1202 2923 insidiis
1215 2873 1936 2940 oppidanoruminterceptus
1949 2880 2105 2938 atque
2125 2868 2428 2919 interfectus
2445 2864 2568 2919 est.“

440 2980 592 3031 Ann.
631 2994 745 3045 reg.
788 2979 991 3030 Franc.
1032 2977 1191 3046 (Ann.
1233 2973 1481 3044 Lauriss.)
1524 2976 1589 3025 ad
1629 2992 1671 3028 a.
1702 2991 1808 3042 799
1851 2971 2009 3045 (ibid.‚
2050 2992 2098 3041 p.
2137 2970 2285 3042 108):
2335 2972 2570 3035 „Eodem

265 3085 405 3119 anno
447 3086 573 3138 gens
616 3074 847 3119 Avarum
892 3086 918 3117 a
959 3066 1077 3128 fide,
1119 3084 1278 3135 quam
1321 3068 1651 3133 promiserat,
1705 3064 1908 3132 defecit,
1953 3075 2003 3114 et
2041 3064 2224 3114 Ericus
2265 3064 2372 3112 dux
2410 3061 2574 3112 Foro-

267 3159 481 3208 iulensis
510 3169 631 3225 post
667 3170 747 3208 tot
787 3173 1034 3225 prospere
1075 3167 1243 3225 gestas
1283 3171 1361 3204 res
1403 3158 1543 3205 iuxta
1584 3154 1943 3204 Tharsaticam
1992 3154 2273 3204 Liburniae
2315 3154 2574 3202 civitatem

271 3246 469 3298 insidiis
498 3249 893 3315 oppidanorum
922 3262 1205 3312 oppressus
1231 3255 1321 3312 est,
1361 3255 1411 3293 et
1433 3242 1696 3293 Geroldus
1723 3259 1917 3312 comeS,
1955 3242 2225 3292 Baioariae
2266 3239 2575 3310 praefectus,

271 3339 557 3387 commisso
600 3348 780 3387 contra
820 3341 1014 3386 Avares
1055 3336 1255 3401 proelio
1299 3331 1530 3386 cecidit.“

447 3442 599 3493 Ann.
626 3440 787 3493 Fuld.
816 3441 880 3489 ad
922 3456 965 3491 a.
992 3455 1099 3505 799
1139 3436 1411 3508 (MG.SS.,
1452 3435 1488 3505 l,
1532 3433 1684 3504 352):
1735 3434 2019 3495 „Ehericus
2053 3434 2160 3484 dux
2200 3432 2577 3483 Foroiuliensis

274 3531 415 3579 iuxta
471 3528 829 3579 Tharsaticam
872 3528 1152 3577 Liburniae
1208 3529 1465 3577 civitatem
1524 3526 1722 3574 insidiis
1779 3524 2175 3590 oppidanorum
2233 3524 2436 3572 occisus
2478 3532 2575 3573 est:

270 3630 320 3668 et
360 3616 621 3668 Geroldus
661 3617 927 3667 Baioariae
969 3614 1274 3684 praefectuS,
1314 3631 1436 3664 cum
1480 3614 1650 3663 Hunis
1691 3614 1945 3663 dimicans
1987 3610 2288 3661 interfectus
2331 3608 2458 3663 est.“

444 3722 594 3774 Ann.
620 3723 809 3775 Alam.
853 3721 917 3769 ad
958 3738 1001 3773 a.
1027 3736 1132 3787 799
1176 3717 1340 3788 (ibid.,
1383 3718 1416 3786 l,
1456 3715 1577 3786 48):
1625 3717 1843 3780 „Kerolt
1883 3716 2180 3768 occiditur.“

453 3825 603 3877 Ann.
632 3824 819 3877 Guelf.
844 3825 907 3873 ad
950 3841 992 3876 a.
1019 3840 1124 3890 799
1167 3821 1328 3891 (ibid,
1369 3821 1405 3886 1,
1446 3824 1564 3885 45):
1614 3819 1787 3889 „Erib‚
1829 3820 2012 3870 Kerolt
2053 3816 2258 3871 occisi.“

446 3928 598 3981 Ann.
624 3928 944 3993 Weingart.
973 3928 1036 3976 ad
1079 3943 1122 3977 a.
1151 3942 1256 3992 799
1300 3924 1463 3994 (ibid.‚
1507 3923 1542 3983 Ι,
1587 3922 1702 3993 65);
1751 3923 1968 3985 „Kerolt
2016 3923 2312 3974 occiditur.“

450 4034 603 4085 Ann.
630 4033 873 4097 Augien.
899 4031 963 4080 ad
1005 4048 1047 4083 a.
1079 4047 1185 4097 799
1229 4029 1394 4098 (ibid.,
1438 4027 1472 4086 1,
1518 4028 1632 4094 67):
1679 4025 1895 4097 „Gerolt
1936 4027 2236 4079 occiditur.“

454 4209 486 4266 ι)
518 4209 593 4256 Gl.
618 4209 677 4254 st.
702 4214 804 4254 280.
