2872 4504
189 910 237 954 p.
265 901 334 942 49.

197 3026 244 3070 p.
268 3016 338 3058 62.

370 270 425 310 98
1409 250 1477 305 St.
1510 264 1578 305 85.

372 445 516 492 nensi
546 443 876 491 dubitabatur
904 442 1142 506 concilio,
1164 439 1313 504 pulsa
1342 439 1694 506 ambiguitate,
1734 437 2100 488 confirmatum
2131 451 2223 502 est,
2264 441 2438 507 ibique
2475 444 2652 490 statuit

369 532 638 598 ecclesiam
683 528 999 578 Gradensem
1059 538 1214 592 caput
1269 537 1318 575 et
1370 527 1704 590 metropolim
1761 529 1921 575 totius
1962 529 2226 592 provincie
2267 528 2655 595 Hystriensium

370 631 418 668 et
458 618 814 678 Venetiarum,
857 620 1004 666 cuius
1046 615 1261 680 Venetie}
1300 616 1554 663 terminus
1595 630 1623 662 a
1664 613 1988 662 Pannoniam
2032 631 2200 681 usque
2241 616 2305 662 ad
2346 615 2515 664 Adam
2555 616 2654 665 flu-

368 710 510 755 vium
539 692 839 771 protelatur,
884 705 1264 769 epistolamque
1295 718 1387 766 pro
1419 700 1498 750 his
1527 704 1728 751 statutis
1757 713 2070 766 acceperunt
2108 719 2138 750 a
2178 703 2474 752 beatissimo
2516 720 2653 768 papa

369 795 613 859 Pellagio,
670 793 1121 842 consencientibus
1179 793 1430 839 universis
1485 777 1742 855 episcopis
1798 790 2158 838 iamdictarum
2210 790 2650 854 provinciarum.“

550 879 681 940 „Cui
731 878 819 948 (sc,
861 879 1111 940 Probino)
1152 878 1435 926 succendes
1477 887 1797 926 memoratus
1838 877 2015 925 Helias
2055 876 2360 942 patriarcha,
2416 876 2511 927 hec
2551 895 2654 945 que

368 970 715 1034 suprascripta
740 978 862 1016 sunt
890 966 1167 1031 ordinavit3
1211 976 1260 1014 et
1287 968 1389 1013 iarn
1430 965 1564 1013 dicta
1605 980 1825 1029 corpora
1864 975 2165 1013 sanctorum
2207 965 2275 1013 ibi
2316 967 2449 1014 miro
2492 967 2655 1016 modo

369 1059 538 1106 ocavit
561 1057 891 1122 domumque
921 1056 1014 1103 sibi
1045 1070 1071 1101 a
1102 1052 1455 1102 fundamentis
1497 1051 1742 1101 fabricare
1784 1055 2030 1117 precepit,
2073 1069 2318 1102 asserens
2360 1056 2411 1102 in
2450 1056 2656 1124 synodo

367 1160 524 1210 supra
551 1154 768 1194 statuto:
813 1143 1067 1190 karissimi
1097 1140 1290 1209 fratres,
1332 1141 1791 1189 intervenientibus
1818 1141 1967 1189 malis
1995 1144 2184 1190 nostris
2219 1143 2429 1192 cottidie
2469 1141 2655 1192 hostile

368 1235 691 1299 perpetimur
747 1230 1024 1296 flagellum,
1082 1242 1131 1278 et
1186 1232 1287 1278 iam
1340 1229 1543 1294 pridem
1596 1230 1659 1277 ab
1701 1229 1838 1277 Atila
1877 1228 2218 1295 Ungarorum
2257 1246 2374 1297 rege
2415 1231 2657 1298 Aquileia

368 1322 543 1369 civitas
598 1330 775 1368 nostra
824 1318 1055 1367 funditus
1097 1319 1354 1366 destructa
1396 1328 1486 1385 est,
1539 1327 1588 1364 et
1628 1326 1807 1381 postea
1849 1315 2150 1366 Gothorum
2191 1321 2395 1368 incessu
2437 1329 2487 1367 et
2525 1330 2656 1369 cete·

365 1424 545 1457 rorum
601 1409 941 1456 barbarorum
998 1418 1192 1455 cassata
1232 1407 1316 1454 vix
1354 1407 1558 1470 aspirat,
1614 1405 1705 1452 sed
1746 1421 1886 1454 nunc
1924 1403 2404 1470 Longobardorum
2448 1405 2658 1456 infande

366 1500 532 1563 gentis
572 1495 776 1561 flagella
816 1491 1067 1544 sustinere
1109 1510 1216 1543 non
1258 1503 1455 1559 potest;
1505 1502 1825 1559 quapropter
1864 1494 2086 1558 dignum
2126 1493 2268 1543 ducit
2307 1494 2658 1544 mansuetudo

367 1596 558 1651 nostra,
613 1587 653 1632 si
705 1594 872 1649 vestre
913 1583 1081 1648 placet
1120 1584 1392 1646 sanctitati,
1444 1583 1494 1629 in
1536 1580 1639 1630 hoc
1678 1592 1845 1630 castro
1889 1579 2153 1630 Gradense
2194 1593 2426 1632 nostram
2469 1581 2660 1632 confir-

367 1689 507 1722 mare
549 1656 903 1737 metropolim.
945 1672 1091 1738 quod
1131 1671 1327 1719 dictum
1372 1670 1620 1718 omnibus
1661 1669 1856 1734 placuit
1895 1671 2169 1737 episcopis,
2217 1681 2267 1719 et
2306 1669 2441 1720 facto
2483 1671 2659 1720 libello

366 1772 556 1828 statute
597 1775 705 1828 sue,
747 1760 797 1807 id
838 1770 914 1808 est
953 1761 1016 1807 de
1059 1770 1347 1808 memorata
1376 1756 1756 1807 Calcedonensi
1798 1758 2024 1826 synodo,
2063 1768 2113 1807 et
2151 1759 2215 1807 de
2254 1757 2351 1808 hac
2391 1761 2501 1824 ipsa
2541 1758 2661 1808 sede

368 1861 417 1899 et
443 1852 690 1899 omnium
714 1848 1134 1915 supradictorum
1166 1859 1346 1912 supter
1370 1847 1612 1895 manibus
1640 1849 1747 1895 suis
1776 1849 2211 1912 conscripserunt,
2255 1848 2306 1895 id
2346 1858 2422 1896 est
2459 1849 2661 1912 primus

366 1939 542 1987 Helias
585 1935 888 2005 patriarcha,
939 1936 1126 1985 deinde
1168 1932 1491 2003 Marcellus¹)
1533 1937 1813 2000 episcopus
1869 1945 2046 2001 sancte
2085 1936 2301 2002 ecclesie
2342 1933 2664 2004 Opitergine,

366 2026 672 2076 Leonianus
728 2028 1009 2091 episcopus
1050 2023 1444 2093 Tyborniensis‚
1502 2022 1684 2072 Petrus
1725 2025 2006 2089 episcopus
2046 2024 2302 2092 Altinatis,
2352 2023 2663 2074 Vindemius

368 2118 648 2181 episcopus
690 2112 973 2180 Cessensis,
1023 2112 1298 2179 Bergullus
1354 2114 1634 2177 episcopus
1674 2111 1920 2178 Patavina}
1959 2111 2192 2178 ecclesie,
2251 2110 2516 2160 Johannes
2556 2113 2664 2178 epi-

367 2221 558 2269 scopus
599 2201 861 2269 Celeiane,
916 2199 1247 2251 Clarissimus
1289 2203 1568 2266 episcopus
1609 2197 2034 2265 Concordiensis,
2092 2199 2341 2249 Patricius
2382 2201 2660 2265 episcopus

367 2293 705 2359 Emonensis,
757 2291 1016 2338 Adrianus
1072 2292 1352 2355 episcopus
1410 2288 1659 2356 Polensis,
1711 2287 2011 2337 Maxencius
2067 2292 2347 2353 episcopus
2403 2286 2654 2344 Iuliensis,

365 2382 584 2432 Severus
639 2382 918 2445 episcopus
960 2377 1266 2444 Tergestinq
1306 2377 1537 2444 ecclesie,
1593 2375 1827 2426 Solacius
1860 2378 2149 2442 episcopus
2192 2375 2522 2439 Veronensis,
2570 2375 2661 2425 Jo-

365 2470 562 2518 hannes
589 2471 872 2534 episcopus
902 2466 1171 2515 Parentine
1199 2467 1432 2533 ecclesie,
1472 2470 1644 2515 Aaron
1686 2468 1966 2531 episcopus
1996 2466 2355 2521 Avonciensis,
2400 2463 2664 2531 Ingenuus

365 2561 644 2624 episcopus
695 2556 923 2605 secunde
963 2554 1135 2622 Recie,
1188 2555 1440 2620 Agnellus
1493 2556 1773 2619 episcopus
1814 2552 2119 2603 Tridentine
2159 2554 2392 2622 ecclesie,
2445 2552 2665 2619 Vigilius

366 2649 645 2712 episcopus
676 2643 1096 2709 Scaravaciensis,
1140 2642 1389 2692 Fonteius
1418 2645 1699 2708 episcopus
1726 2641 2018 2710 Feltrensis,
2059 2641 2353 2691 Marcianus
2381 2643 2664 2707 episcopus

367 2736 644 2789 petenatis,
691 2734 1009 2782 Laurencius
1036 2732 1287 2797 presbiter
1326 2742 1378 2798 et
1404 2731 1635 2780 Marinus
1662 2733 1912 2797 presbiter
1953 2741 2109 2798 atque
2138 2729 2380 2779 Emerius
2420 2730 2670 2795 presbiter

365 2822 710 2889 provinciales
738 2831 788 2870 et
813 2823 965 2870 ceteri
995 2821 1260 2886 presbiteri
1290 2831 1395 2869 tam
1425 2821 1814 2886 metropolitani
1844 2836 2112 2887 quamque
2142 2830 2192 2868 et
2218 2819 2447 2886 plebani3
2483 2835 2669 2868 omnes

367 2915 446 2961 isti
473 2912 808 2977 suprascripti
849 2911 1264 2974 consencierunt,
1305 2919 1355 2958 et
1394 2910 1572 2958 omnia
1630 2910 1680 2956 in
1736 2908 1923 2956 eodem
1964 2908 2085 2957 loco
2130 2903 2672 2975 confirmaverunt.“²)

549 2999 831 3050 Iohannis
872 2999 1105 3048 diaconi
1148 2997 1488 3049 Chronicon
1527 2997 1822 3048 Venetum
1860 2995 2192 3066 (Monticolo‚
2251 2994 2524 3046 Cronache
2566 2995 2670 3046 Ve-

368 3092 597 3156 neziane,
654 3087 689 3154 1,
731 3086 816 3142 62,
861 3102 944 3150 70,
989 3084 1104 3152 71):
1160 3127 1187 3154 „
1215 3126 1227 3137 .
1252 3088 1386 3138 ..in
1428 3101 1537 3152 quo
1579 3088 1735 3134 etiam
1775 3086 1894 3135 loco
1936 3083 2028 3154 (sc.
2071 3087 2121 3134 in
2165 3083 2415 3135 Gradensi
2472 3082 2662 3150 castro)

366 3187 486 3243 post
525 3192 763 3242 paucum
804 3185 1014 3240 tempus
1055 3174 1534 3242 Helyas,‚egregius
1575 3172 1880 3239 patriarcha,
1935 3176 2025 3240 qui
2066 3176 2247 3223 tertius
2287 3183 2408 3239 post
2447 3172 2671 3222 Paulum

368 3265 649 3330 regendam
710 3265 940 3328 suscepit
992 3264 1277 3330 ecclesiam,
1334 3279 1394 3311 ex
1447 3278 1706 3311 consensu
1763 3262 2043 3311 beatissimi
2098 3278 2233 3328 pape
2282 3261 2489 3329 Pelagii,
2541 3259 2672 3311 facta

371 3353 577 3422 synodo
643 3354 823 3417 viginti
884 3354 1274 3417 episcoporum,
1332 3351 1552 3400 eandem
1607 3350 1930 3400 Gradensem
1986 3351 2173 3400 urbem
2226 3354 2386 3400 totius
2440 3349 2666 3400 Venecie

366 3440 729 3508 metropolym
774 3456 882 3488 esse
926 3437 1192 3491 instituit.“

550 3566 573 3586 „
607 3568 617 3579 .
648 3570 658 3580 .
691 3567 700 3576 .
729 3529 898 3576 eidem
928 3529 1140 3577 ecclesie
1168 3528 1258 3597 (sc.
1283 3525 1558 3595 Gradensi)
1599 3527 1841 3576 sacerdos
1882 3527 2078 3596 Helyas
2117 3525 2398 3594 preficitur,
2440 3530 2529 3594 qui
2570 3525 2667 3588 hec

325 3665 334 3676 ,
368 3634 471 3684 que
522 3631 679 3682 super
721 3618 908 3681 scripta
950 3628 1072 3665 sunt
1112 3617 1385 3675 ordinavit,
1428 3616 1760 3682 domumque
1802 3617 1896 3665 sibi
1939 3633 1967 3664 a
2009 3614 2364 3664 fundamentis
2404 3612 2660 3665 edificavit

370 3716 418 3754 et
445 3707 547 3753 iam
589 3705 723 3753 dicta
765 3720 986 3769 corpora
1027 3715 1329 3753 sanctorum
1374 3707 1507 3753 miro
1551 3704 1714 3753 modo
1757 3704 2053 3770 collocavit,
2092 3719 2324 3753 asserens
2364 3705 2416 3752 in
2456 3703 2663 3770 synodo

368 3809 524 3858 supra
580 3803 859 3841 statutum:
915 3791 1169 3840 karissimi
1226 3791 1420 3850 fratres,
1479 3792 1942 3841 intervenientibus
1997 3792 2145 3840 malis
2200 3793 2407 3860 nostris,
2461 3790 2671 3840 cottidie

367 3881 554 3930 hostile
596 3883 919 3946 perpetimur
959 3879 1249 3946 flagellum;
1292 3891 1342 3929 et
1382 3882 1486 3929 iam
1527 3881 1726 3946 pridem
1770 3880 1834 3928 ab
1875 3880 2012 3928 Atila
2055 3878 2296 3930 Unorum
2337 3895 2456 3945 rege
2495 3880 2660 3945 Aqui-

549 4026 580 4082 1)
612 4026 837 4081 Zapisnik
859 4027 1094 4081 gradeske
1115 4027 1283 4071 sinode
1306 4026 1356 4069 in
1379 4038 1440 4082 pa
1466 4025 1666 4071 Cronica
1691 4024 1748 4068 de
1779 4013 1902 4080 sing.
1926 4029 2047 4080 patr.
2072 4025 2215 4068 imata
2259 4023 2353 4068 ime
2387 4023 2661 4068 Marcianus

368 4112 428 4144 ne
459 4112 520 4155 pa
550 4100 819 4144 Marcellus.

548 4173 582 4225 ²)
614 4173 686 4217 To
701 4175 753 4228 je
775 4174 937 4228 skoraj
963 4174 1202 4218 doslovno
1224 4174 1482 4230 prepisano
1504 4173 1546 4216 iz
1591 4171 1820 4228 „Croniea
1851 4171 1909 4215 de
1941 4171 2062 4226 sing.
2093 4175 2213 4227 patr.
2238 4170 2377 4214 Nove
2405 4169 2668 4225 Aquileie“.
