2872 4504
1227 243 1428 299 Snus.
2405 254 2497 294 153

192 312 2490 346 w

194 427 272 478 καὶ
311 429 366 489 δὴ
406 428 464 476 τὰ
503 428 706 499 ἐπίχειρα
732 433 822 476 τῶν
847 432 1146 494 προθεόντων
1185 430 1289 479 ἰδὼν
1314 431 1558 495 ἠμείψατο.
1601 429 1705 488 τοὺς
1745 427 2195 494 ἀνδραγαθήσαντας
2223 428 2399 493 δώροις.
2442 436 2498 494 τῇ
2531 446 2553 494 ς
2590 447 2659 488 11,

193 517 245 566 δὲ
282 515 491 582 ὑστεραίᾳ
530 502 797 580 κυνηγετεῖν
824 518 847 564 5
877 518 1051 583 Πέτρος
1070 523 1352 585 πειρώμενος
1377 518 1544 584 γίνεται
1581 519 1695 584 προς
1735 516 1881 575 ἄλσος
1920 515 2063 576 βαθύ.
2106 555 2116 565 .
2162 555 2171 566 .
2217 556 2227 566 .
2285 518 2307 564 5
2348 517 2491 565 τοίνυν
2524 520 2547 568 ἓ
2582 522 2650 560 14-

190 606 364 676 Πέτρος
403 605 487 665 τὴν
525 604 574 653 ἐν
613 606 848 669 γράμμασι
888 605 1134 671 δυσφημίαν
1174 608 1237 669 μὴ
1276 609 1423 673 φέρων
1463 610 1543 657 τοῦ
1581 606 1935 671 αὐτοκράτορος,
1976 605 2042 653 ἔτι
2078 609 2250 669 πικρῶς
2290 606 2374 652 {an-:5
2417 611 2500 667 τῆς

191 695 326 742 νόσου
365 694 770 757 κατατρυχόμενος
809 698 1115 755 μεταποιεῖται
1154 697 1231 744 τὀν
1269 698 1474 763 χάρακα,
1514 694 1590 744 καὶ
1627 697 1820 760 τάφρους
1860 695 2082 759 τέτταρας
2123 691 2390 753 ἐναλλάξας
2431 694 2501 743 ἐπὶ

190 781 274 840 τὰς
313 785 405 830 τῶν
443 780 730 843 Σκλαυηνῶν
769 782 975 847 ἐνεφοίτα
1009 784 1251 849 διατριβάς.
1282 785 1457 847 δεκάτη
1499 785 1548 833 δὲ
1587 786 1752 852 ἡμέρα,
1791 780 1811 864 ΙΙ
1847 780 1926 832 καὶ
1965 783 1987 829 5
2031 781 2333 848 αὐτοκράτωρ
2362 783 2499 831 Μαυ-
2531 784 2648 833 ιἕ15,
2683 793 2730 837 p.
2754 786 2854 829 249.

189 870 329 935 ρίκιος
353 869 584 931 βασίλειον
610 870 857 932 ἐπιστολὴν
879 872 944 936 τῷ
969 871 1244 938 αὒταδέλφῳ
1272 870 1529 934 ἐξέπεμπεν
1569 873 1821 936 ἐνδημῆσαι
1860 876 1917 938 τῇ
1957 868 2135 938 Θρᾴκη·
2177 871 2375 934 ἠκηκόει
2411 873 2499 937 γαρ

190 960 213 1006 5
256 959 510 1024 Μαυρίκιος
550 963 641 1008 τῶν
680 958 967 1021 Σκλαυηνῶν
1024 961 1080 1010 τὰ
1130 961 1303 1023 πλήθη
1353 962 1401 1021 ἐς
1440 963 1682 1021 Βυζάντιον
1738 961 1820 1020 τὰς
1871 960 2017 1027 όρμας
2072 961 2310 1026 ἐπιφέρειν.
2371 962 2393 1008 5
2452 961 2500 1009 δὲ
2533 960 2556 1010 ἓ
2591 961 2660 1002 16-

190 1049 450 1113 στρατηγδς
491 1049 548 1096 ἐκ
586 1049 750 1097 τούτου
790 1047 862 1098 ἐπὶ
901 1050 954 1098 τ“ο
996 1050 1160 1098 Πιστοῦ
1199 1051 1370 1114 γίνεται
1407 1051 1629 1117 φρούριον,
1669 1049 1788 1113 μετὰ
1827 1055 1963 1099 τοῦτο
2015 1050 2130 1114 προς
2178 1050 2234 1099 τὰ
2273 1049 2501 1098 Ζαλδαπα

188 1138 451 1202 ἀφικνεῖται.
501 1137 689 1203 δευτέρα
741 1138 790 1187 δὲ
843 1140 1008 1205 ἡμέρα,
1063 1137 1139 1187 καὶ
1189 1140 1305 1204 προς
1354 1139 1438 1200 τὴν
1476 1137 1653 1206 Ἰατρον
1695 1138 1778 1200 τὴν
1818 1139 1952 1188 πόλιν
1991 1139 2135 1206 φοιτᾷ,
2176 1136 2255 1188 καὶ
2293 1138 2410 1201 δῆτα
2449 1141 2498 1187 τ“ο

187 1226 456 1291 Λαταρκίου
494 1227 701 1292 φρούριον
750 1228 1038 1292 παραμείψας
1075 1226 1140 1286 εἰς
1185 1228 1344 1288 Νόβας
1387 1215 1806 1294 στρατοπεδεύεται.
1849 1267 1860 1278 .
1901 1268 1913 1280 .
1957 1271 1967 1280 .
2010 1229 2033 1275 5
2075 1228 2158 1290 μὲν
2199 1223 2277 1276 οὖν
2321 1229 2499 1294 Πέτρος
2530 1229 2553 1277 ἐ
2588 1228 2661 1272 19-

186 1316 364 1380 ήμέρας
422 1314 501 1363 δύο
558 1314 643 1363 ἀνὰ
693 1316 744 1363 τὶο
800 1315 1006 1377 πόλισμα
1062 1312 1269 1381 γεγονὼς
1319 1315 1496 1384 ἀπαίρει
1551 1318 1771 1366 ἐντεῦθεν
1828 1315 1908 1366 καὶ
1971 1316 2042 1367 ἐπὶ
2104 1317 2196 1378 τὴν·
2254 1315 2496 1382 Θεοδώρου

186 1403 322 1452 πόλιν
361 1405 528 1468 τάφρον
567 1402 810 1470 ἐχάραξεν,
850 1405 934 1453 ὑπο
974 1408 1159 1471 πρώτην
1201 1406 1250 1454 δὲ
1289 1409 1352 1454 ἕω
1392 1407 1440 1454 ἐν
1480 1411 1536 1474 τῇ
1577 1405 1811 1474 λεγομένῃ
1850 1397 2095 1473 Κουρίσκα
2120 1406 2301 1474 φοιτᾷ.“

323 1508 325 1510 ’
370 1506 498 1558 Ibid.
541 1523 583 1557 c.
630 1523 655 1572 3
701 1507 773 1577 (p.
804 1505 959 1576 249):
1001 1508 1156 1575 ,,τρίτη
1199 1509 1248 1558 δὲ
1285 1508 1450 1576 ἡμέρα,
1489 1508 1566 1559 καὶ
1604 1510 1652 1559 ἐν
1676 1507 1886 1575 ,Ἀσήμῳ
1921 1515 1976 1578 τῇ
2003 1508 2138 1559 πόλει
2165 1509 2249 1568 τας
2276 1509 2488 1566 ἐπαύλεις
2520 1509 2543 1558 ἓ
2578 1511 2617 1549 1·

185 1598 390 1645 ποιεῖται.
431 1593 530 1645 ἐπεὶ
569 1596 620 1645 δὲ
661 1596 700 1645 οἱ
739 1603 818 1646 τοῦ
859 1598 1021 1657 ἄστεος
1063 1598 1425 1660 ἐμεμαθήκεσαν
1464 1599 1775 1664 προσδόκιμον
1815 1599 1924 1648 ὄντα
1964 1600 2043 1648 τόν
2084 1600 2359 1665 στρατηγόν,
2407 1595 2498 1657 ἔξω

187 1687 437 1750 γεγονότες
490 1691 571 1734 τοῦ
622 1686 785 1745 ἄστεος
840 1691 1088 1736 συναντῶσι
1139 1687 1205 1753 τῷ
1245 1689 1405 1753 Πέτρῳ
1458 1687 1536 1737 καὶ
1585 1693 1802 1755 περιφανῆ
1843 1688 1926 1749 τὴν
1964 1686 2065 1752 περὶ
2105 1689 2156 1737 :b
2200 1688 2310 1737 ἀστυ
2352 1680 2498 1752 τούτῳ

184 1773 455 1835 ἐπεποίηντο
496 1774 695 1824 εἴσοδον.“
729 1775 777 1824 ἐν
818 1775 884 1840 τῷ
922 1775 1168 1837 πολίσματι
1207 1777 1353 1842 τούτῳ
1393 1775 1482 1825 ἀπο
1507 1777 1826 1843 πρεσβυτέρων
1865 1778 2044 1842 χρόνων
2086 1781 2217 1825 τινῶν
2258 1775 2497 1825 όπλιτικὶν
2532 1775 2555 1825 ἓ
2587 1778 2630 1818 2·

184 1865 493 1913 συνετέτακτο
547 1861 620 1913 ἐπὶ
659 1863 903 1932 διαφρουρᾴ
940 1869 1031 1913 τῶν
1071 1869 1155 1927 τῆς
1193 1864 1397 1924 πόλεως·
1438 1868 1722 1933 πυκνότερον
1761 1866 1851 1933 γὰρ
1891 1865 1992 1933 περὶ
2031 1867 2198 1928 ταύτην
2238 1866 2320 1926 τὴν
2359 1865 2495 1914 πόλιν

185 1950 257 2002 οἷα
295 1954 555 2012 διάττοντες
595 1953 636 2002 οἱ
674 1951 894 2019 βάρβαροι
931 1954 1314 2012 κατεσπῡ,αζον,“
1862 2020 1864 2022 ‚

360 2043 488 2094 Ibid.
527 2058 570 2095 e.
610 2056 645 2106 4
685 2039 758 2111 (p.
804 2057 925 2107 251,
971 2039 1123 2109 252):
1180 2039 1373 2110 ,,“Εκτη
1415 2043 1465 2093 δὲ
1517 2045 1682 2111 ήμέρα,
1738 2042 1815 2093 καὶ
1863 2045 1978 2111 πρὸς
2030 2045 2082 2094 τίο
2124 2048 2349 2106 σκοπῆσαι
2388 2044 2494 2102 τοὺς
2526 2046 2550 2095 ἓ
2584 2049 2625 2100 l,
2659 2055 2718 2099 -Ρ-
2750 2046 2853 2088 251·

177 2130 431 2192 πολεμίους
468 2127 637 2196 ἄνδρας
676 2129 854 2194 χιλίους
894 2129 1150 2190 συνέταξεν.
1193 2127 1317 2182 οὗτοι
1355 2133 1630 2183 ἐκατοντάσι
1671 2133 1789 2182 δέκα
1814 2132 2104 2200 Βουλγάροις
2127 2133 2495 2198 προσπίπτουσιν.

181 2219 224 2268 οἱ
262 2219 347 2282 μὲν
387 2214 463 2268 οὖν
503 2218 739 2287 βάρβαροι,
780 2221 862 2269 ἅτε
903 2219 959 2281 δὴ
1001 2219 1184 2287 εἰρήνης
1223 2218 1466 2283 Ῥωμαίοις
1506 2220 1585 2271 καὶ
1622 2223 1828 2288 Χαγάνῳ
1867 2222 2082 2288 ὑπούσης,
2138 2221 2496 2288 ἀπεριμερίμνως
2529 2223 2552 2274 ἓ
2585 2225 2627 2266 2·

176 2308 416 2358 ἐποιοῦντο
468 2308 553 2369 τὴν
604 2296 792 2369 βάδισιν·
835 2309 875 2357 οἱ
930 2309 981 2358 δὲ
1021 2306 1240 2371 Ῥωμαῖοι
1288 2312 1452 2378 γνώμῃ
1508 2313 1587 2360 τοῦ
1637 2313 1896 2377 στρατηγοῦ
1938 2311 2061 2360 κατὰ
2102 2315 2194 2360 τῶν
2251 2309 2492 2376 βαρβάρων

176 2400 273 2456 τοῖς
312 2396 537 2456 ἀκοντίοις
583 2398 858 2463 ἐκέχρηντο.
901 2397 940 2447 οἱ
992 2398 1043 2447 δὲ
1093 2398 1358 2466 Βούλγαροι
1412 2398 1595 2466 πρέβεις
1643 2397 1902 2462 ἐξέπεμπον
1962 2402 2044 2462 τήν
2086 2418 2137 2450 τε
2182 2398 2339 2464 μάχην
2390 2400 2496 2449 ’πε-

175 2487 488 2552 κηρυκεύοντο
529 2485 609 2536 καὶ
644 2489 874 2555 παρῄνουν
914 2484 1159 2550 Ῥωμαίοις
1199 2488 1284 2549 τὴν
1323 2486 1502 2554 εἰρήνην
1530 2489 1593 2551 μὴ
1622 2489 1913 2557 διαφθείρειν,
1943 2491 1964 2537 5
1992 2490 2041 2539 δὲ
2067 2496 2147 2539 τοῦ
2175 2473 2495 2554 συντάγματος
2525 2490 2549 2541 ἓ
2583 2492 2622 2532 3·

174 2571 382 2640 ἔξαρχος
420 2576 535 2641 πρδς
575 2577 655 2626 τδν
703 2577 961 2641 στρατηγόν
1002 2577 1109 2636 τοὺς
1147 2575 1359 2643 πρέσβεις
1400 2574 1656 2640 ἐξέπεμπεν
1697 2577 1786 2628 ἀπδ
1828 2580 2025 2641 σημείων
2079 2579 2208 2629 όκτὼ
2263 2580 2496 2643 πεφυκότα

172 2665 259 2712 τοῦ
296 2664 482 2730 χωρίου.
511 2662 590 2714 καὶ
630 2660 705 2713 οὖν
746 2666 769 2713 5
811 2666 990 2731 Πέτρος
1031 2665 1137 2725 τοὺς
1176 2665 1426 2733 εἶρηναίους
1465 2666 1641 2732 λόγους
1682 2667 2042 2730 ἀποσεισάμενος
2082 2671 2175 2727 τοῖς
2215 2669 2493 2734 προθέουσιν

174 2751 351 2813 ἐδήλου
391 2755 512 2818 φόνῳ
551 2754 782 2821 μαχαίρας
823 2753 930 2814 τοὺς
970 2753 1231 2821 βαρβάρους
1270 2760 1555 2822 παραχρῆμα
1609 2755 1818 2807 ὀλλύναι.
1877 2757 1918 2806 οἱ
1972 2758 2055 2819 μὲν
2108 2751 2185 2805 οὖν
2225 2756 2491 2822 Βούλγαροι
2525 2760 2548 2807 ᾗ
2584 2762 2623 2800 ⁴·

171 2841 292 2907 προς
332 2843 488 2907 μάχην
528 2843 592 2902 ὡς
632 2840 724 2893 οἷόν
764 2861 815 2893 τε
853 2840 911 2905 ἢν
950 2841 1317 2908 συμφραξάμενοι
1354 2846 1467 2911 προς
1509 2846 1593 2906 τὴν
1634 2847 1792 2911 μάχην
1831 2849 1991 2912 χεῖρας
2021 2843 2245 2912 ἐνέμιξαν,
2286 2844 2365 2894 παὶ
2391 2844 2495 2893 λίαν

167 2932 393 2997 ἡρωικῶς
434 2930 763 2995 συνταξάμενοι
801 2931 864 2992 εἰς
903 2933 1049 2998 φυγὴν
1089 2932 1339 2983 ἀποκλῖναι
1377 2931 1632 2996 Ῥωμαίους
1671 2934 1959 3000 ἠνάγκασαν.
2003 2975 2013 2985 .
2058 2975 2069 2985 .
2113 2975 2123 2986 .
2164 2934 2489 3001 παραγίνονται
2518 2938 2542 2983 ,ξ
2575 2936 2618 2989 6,
2666 2944 2711 2988 p-
2749 2934 2851 2976 252-

176 3020 324 3068 τοίνυν
364 3018 436 3068 ἐπὶ
491 3021 568 3070 τδν
608 3022 831 3087 Χαγάνον
871 3022 912 3071 οἱ
951 3021 1171 3089 βάρβαροι
1211 3021 1289 3071 καὶ
1327 3022 1382 3071 τὰ
1421 3024 1893 3089 παρηκολουθηκότα
1931 3030 2297 3090 παροιγύμνοῦσιν
2352 3023 2491 3088 αὐτῷ.

168 3109 202 3156 Δὃ
241 3109 323 3171 μὲν
364 3105 452 3158 οὖν
481 3108 714 3177 βάρβαρος
753 3111 817 3170 ὡς
858 3112 937 3160 τ“ον
977 3112 1152 3176 Πέτρον
1192 3110 1372 3176 πρέβεις
1415 3109 1643 3175 ἐξέπεμπε
1684 3111 1764 3162 καὶ
1796 3113 2192 3180 παρασπονδοῦντί
2229 3130 2328 3171 πως
2369 3111 2494 3176 αύτῷ

176 3198 504 3257 κατωνείδιζεν.
546 3200 570 3247 5
610 3199 662 3248 δὲ
702 3200 881 3266 Πέτρος
919 3199 1026 3259 τοὺς
1065 3199 1272 3265 πρέσβεις
1311 3205 1525 3260 πιθανοῖς
1563 3201 1724 3267 λόγοις
1766 3202 2124 3264 ἀπεβουκόλησε
2171 3200 2248 3250 καὶ
2305 3202 2489 3265 ἄγνοιαν
2527 3204 2550 3251 ,ὅ
2585 3205 2624 3243 7·

167 3289 258 3336 τοῦ
295 3286 579 3352 σφάλματος·
604 3291 892 3355 προεφέρετο.
934 3285 1096 3354 δώροις
1134 3289 1279 3338 τοίνυν
1318 3290 1547 3357 λαμπροῖς
1599 3289 1675 3339 καὶ
1725 3290 1942 3358 λαφύρων
1981 3291 2174 3353 ζημίαις.
2217 3290 2495 3353 μετατίθησι

167 3376 256 3424 ·τ“ον
294 3374 529 3443 βάρβαρον
567 3378 682 3442 πρῖος
722 3378 979 3439 εὐμένειαν.

352 3466 570 3531 Τετάρτη
612 3466 669 3528 δὴ
707 3468 873 3532 ἡμέρα,
913 3466 991 3517 καὶ
1027 3466 1223 3531 πλησίον
1263 3467 1434 3531 γίνεται
1472 3474 1550 3516 τοῦ
1590 3468 1796 3531 γείτονος
1835 3475 2059 3536 ποταμοῦ,
2102 3466 2181 3517 καὶ
2205 3468 2352 3517 ε’ίκοσι
2381 3467 2494 3516 συλ-
2528 3470 2551 3518 ἓ
2586 3470 2627 3510 8-

174 3550 436 3615 λεξάμενος
478 3554 648 3621 ἄνδρας
689 3555 941 3621 ἐπεπόμφει
980 3557 1354 3621 διαπεραιοϋσθαι
1395 3556 1472 3605 τον
1511 3557 1721 3618 ποταμόν
1763 3555 1842 3606 καὶ
1881 3542 2112 3619 διανοῆσαι
2166 3557 2223 3607 τὰ
2278 3561 2368 3606 τῶν
2408 3573 2494 3606 πο-

165 3628 352 3704 λεμίων
394 3645 640 3705 κινήματα.
683 3645 724 3693 οἱ
761 3646 845 3707 μὲν
885 3638 962 3695 οὖν
1002 3646 1082 3694 τον
1121 3645 1330 3706 ποταμόν
1373 3645 1852 3710 διαπορθμευσάμενοι
1890 3645 2079 3709 ἥλωσαν
2120 3647 2334 3704 ἅπαντες.
2378 3647 2399 3693 5
2444 3645 2493 3693 δὲ
2526 3647 2549 3696 ἓ
2583 3648 2625 3689 9·

166 3732 346 3797 τρόπος
402 3737 486 3795 τῆς
539 3733 763 3793 ἁλώσεως
816 3730 967 3794 οὗτος.
1010 3734 1205 3784 εἴθισται
1259 3737 1350 3792 τοῖς
1411 3731 1482 3782 ἐπὶ
1533 3740 1810 3802 κατασκοπῇ
1865 3736 2245 3797 συνταττομένοις
2303 3732 2372 3782 ἀεὶ
2410 3734 2491 3792 τὰς

165 3819 343 3879 -νὺκτας
381 3823 616 3871 ποιεῖσθαι
653 3822 737 3883 τὴν
777 3821 965 3889 βάδισιν,
1005 3824 1182 3887 ἡμέρας
1222 3822 1273 3870 δὲ
1312 3821 1589 3884 λαμπούσης
1627 3823 1780 3881 ὕπνοις
1818 3823 2130 3890 προσομιλεῖν.
2159 3818 2282 3872 οὗτοι
2301 3821 2492 3881 πολλὴν
2525 3824 2548 3873 ἓ
2582 3825 2651 3864 10-

174 3912 231 3975 τῇ
281 3908 530 3977 προτεραίᾳ
584 3910 959 3974 διαπεποιηκότες
1014 3910 1214 3976 πορείαν,
1267 3907 1362 3959 εἶτα
1417 3912 1750 3971 κεκοπιακότες
1791 3910 1862 3962 ἐπὶ
1901 3915 1996 3971 τοῖς
2036 3916 2255 3978 σώμασιν,
2311 3913 2396 3960 ύπδ
2439 3912 2490 3960 το

168 3995 400 4064 λυκόφως
455 3997 518 4058 εἰς
569 3998 839 4049 ἀνάπαυλαν
897 4001 1137 4066 τρέπονται
1187 3999 1286 4063 περί
1339 4017 1436 4047 τινα
1483 3998 1679 4062 πλησίον
1734 4000 1939 4065 λόχμην.
1981 3999 2082 4068 περὶ
2122 4002 2171 4050 δὲ
2212 4002 2366 4067 τρίτην
2414 4003 2475 4048 ἕω
2512 4003 2535 4049 ξ
2578 4004 2647 4043 11·

162 4087 357 4135 πάντων
410 4088 756 4155 καθευδόντων,
810 4086 890 4137 καὶ
939 4089 1003 4150 μὴ
1053 4089 1245 4146 ύπόντος
1298 4094 1377 4136 τοῦ
1432 4088 1811 4155 διαφρουροῦντός-
1846 4107 1981 4157 τινος,
2021 4089 2222 4154 γίνονται
2260 4087 2362 4154 περὶ
2402 4089 2485 4148 τὴν

162 4171 360 4239 ’λόχμην
402 4175 443 4224 οἱ
479 4174 717 4242 βάρβαροι.
760 4175 1018 4237 ἀποβάντες
1061 4176 1206 4225 τοίνυν
1249 4175 1288 4224 οἱ
1328 4175 1595 4238 Σκλαυηνοὶ
1635 4182 1725 4226 τῶν
1763 4179 1911 4227 ἵππων
1966 4179 2221 4244 ἐνεχείρουν
2275 4180 2488 4241 ψυχαζειν
