2872 4504
165 444 213 490 p.
235 436 335 477 122.

373 242 454 286 104
728 272 730 274 ψ
1433 228 1500 283 St..
1533 244 1605 282 87.·

540 420 666 473 Ibid.
691 437 733 473 e.
762 420 847 484 63,
891 438 940 485 p.
974 433 1277 482 122—123:
1335 459 1357 481 „
1390 455 1401 466 .
1433 457 1443 467 .
1471 456 1482 466 .
1509 415 1589 466 καὶ
1627 418 1765 476 αὒτδς
1805 417 1924 479 μετὰ
1961 418 2110 478 πάσης
2149 421 2232 479 τῆς
2270 414 2483 483 Ἀβάρων
2522 434 2663 483 στρα-

366 514 462 568 τιάς
515 509 627 576 πεζῇ
677 509 749 557 διὰ
800 513 884 571 τῆς
923 509 1164 573 Σιρμιανῆς
1202 507 1509 571 πορευόμενος
1549 508 1703 572 νήσου,
1758 506 2088 571 παραγίγνεται
2126 505 2250 554 κατὰ
2289 506 2368 554 τὸν
2407 506 2525 554 Σάον
2576 522 2663 554 πο-

368 599 528 660 ταμόν.
571 598 976 663 διαταραχθέντων
1032 596 1082 644 δὲ
1134 599 1224 644 τῶν
1271 595 1320 643 ἐν
1358 597 1456 652 ταῖς
1494 594 1657 642 πόλεσι
1695 594 1880 652 ταύταις
1921 593 2161 655 Ῥωμαίων
2203 591 2281 642 καὶ
2319 594 2370 642 το
2412 593 2668 659 ἐγχείρημα

365 688 724 752 συννοησάντων,
764 692 843 734 τοῦ
884 702 935 733 τε
975 684 1020 732 ἐν
1061 683 1304 747 Σιγγηδόνι
1343 684 1616 749 στρατηγοῦ,
1663 682 1825 742 Σήθου
1862 682 2077 748 τοῦνομα,
2129 681 2399 740 στείλαντος
2435 682 2551 747 προς
2588 682 2668 729 τὀν

365 775 586 839 Χαγσίνον
639 772 719 823 καὶ
756 775 1084 839 ἐπερωτῶντος
1143 773 1183 838 ὅ,
1238 788 1280 820 τι
1319 771 1376 830 δὴ
1418 768 1497 819 καὶ
1535 769 1822 832 βουλόμενος
1861 768 2044 852 εἰρήνης
2082 768 2270 830 βεβαίας
2308 787 2359 819 τε
2399 767 2479 818 καὶ
2515 768 2666 834 φιλίας

367 865 651 925 συνεστώσης
704 861 829 926 αύτῷ
884 864 934 910 τε
981 858 1060 909 καὶ
1099 859 1341 921 Ῥωμαίοις
1396 859 1510 925 προς
1564 859 1644 907 τον
1684 860 1804 907 Σάον
1843 857 2032 923 ἀφίκετο
2086 860 2311 925 ποταμόν,
2366 859 2461 920 ἅμα
2501 858 2552 906 δὲ
2589 857 2671 907 λέ·

365 969 530 1016 γοντες
569 952 633 1010 ὡς
673 951 724 999 ού
762 952 1020 1016 περιόψεται
1056 950 1274 1013 γεφυροῦν
1314 948 1648 1013 ἐπιχειροῦντος
1687 947 1826 996 αὺτοῦ
1864 947 1942 995 τον
1980 948 2203 1013 ποταμόν,
2229 946 2314 995 οὒκ
2344 947 2667 1011 ἐπιτρέποντος

368 1039 495 1097 ὅλως
534 1045 613 1088 τοῦ
653 1037 1008 1104 αὐτοκράτορος·
1051 1038 1101 1086 οὒ
1139 1036 1261 1085 κατὰ
1299 1034 1540 1097 Ῥωμαίων
1581 1053 1622 1084 τι
1660 1038 2000 1099 μηχανώμενος
2038 1036 2121 1100 ἔφη
2161 1035 2420 1096 βούλεσθαι
2443 1035 2664 1099 πηγνύναι

368 1128 451 1189 τὴν
489 1130 701 1194 γέφυραν,
740 1127 906 1185 ἄλλως
945 1127 997 1175 δὲ
1037 1126 1158 1174 κατὰ
1196 1123 1488 1187 Σκλαβηνῶν
1525 1126 1708 1190 χωρεῖν,
1750 1121 1829 1172 καὶ
1868 1124 2266 1190 διαπεραιούμενος
2291 1124 2370 1172 τὀν
2409 1124 2529 1172 Σάον
2569 1123 2667 1171 ἐπι-

367 1215 533 1277 βαίνων
557 1233 606 1265 τε
632 1216 680 1274 ἐς
718 1215 801 1275 τὴν
841 1215 1081 1276 Ῥωμαίων
1120 1209 1257 1271 αὖθις
1296 1213 1376 1261 τον
1404 1209 1588 1278 Ἴστρον
1630 1210 1933 1273 διαβήσεσθαι
1973 1209 2078 1262 κατ’
2119 1211 2285 1279 αὐτῶν,
2325 1211 2499 1260 πλοίων
2540 1210 2668 1276 αὐτῷ

158 1682 208 1728 p.
233 1673 333 1716 123.

162 3026 213 3071 p.
236 3016 337 3060 125.

366 1305 560 1353 πολλῶν
609 1304 733 1370 παρὰ
770 1306 850 1352 τοῦ
889 1300 1128 1365 Ῥωμαίων
1168 1301 1512 1366 αὐτοκράτορος
1551 1302 1600 1359 ἐς
1641 1301 1725 1361 τὴν
1767 1299 1968 1361 διάβασιν
2007 1302 2494 1366 παρασκευαζομένων.
2535 1305 2668 1348 τοῦτο

366 1393 455 1458 γὰρ
495 1393 569 1454 δὴ
593 1391 671 1442 καὶ
708 1394 928 1458 πρότερον
968 1392 1082 1457 προς
1121 1391 1253 1456 χάριν
1281 1396 1361 1438 τοῦ
1384 1389 1624 1451 Ῥωμαίων
1663 1388 1891 1450 βασιλέως
1931 1387 2112 1456 πρᾶξαι,
2151 1388 2227 1438 καὶ
2269 1389 2455 1448 πολλὰς
2495 1387 2676 1454 αἰχμα-

366 1481 532 1530 λώτων
585 1481 802 1546 μυριάδας
854 1481 910 1529 ἐκ
968 1484 1051 1542 τῆς
1090 1477 1330 1541 Ῥωμαίων
1367 1483 1456 1543 γῆς
1495 1477 1789 1541 Σκλαβηνοῖς
1829 1477 2192 1540 δεδουλωμένων
2231 1477 2492 1544 ἐλευθέρας
2530 1471 2668 1536 αὖθις

366 1567 607 1632 Ῥωμαίοις
654 1568 914 1618 ἀποδοῦναι.
955 1574 1032 1617 ’.ὒν
1072 1568 1122 1616 δὲ
1161 1566 1373 1633 ὑβρίσθαι
1412 1568 1495 1630 μὲν
1535 1567 1674 1631 ἔλεγε
1712 1567 1826 1631 προς
1865 1566 2012 1616 αὐτῶν
2053 1566 2103 1615 ού
2136 1565 2432 1629 βουλομένων
2472 1565 2525 1614 το
2565 1581 2671 1614 συν-

366 1659 550 1724 ταχθὲν
588 1665 830 1720 τηνικαῦτα
869 1657 1009 1716 τέλος
1046 1651 1062 1727 ΙΙ
1099 1656 1221 1721 παρὰ
1259 1661 1377 1722 σφῶν
1416 1653 1532 1705 καθ’
1573 1658 1771 1705 ἕκαστον
1809 1656 1914 1715 ἔτος
1953 1653 2024 1704 ἐπ’
2065 1655 2201 1704 αὺτον
2243 1655 2557 1704 κατατιθέναι·
2597 1651 2674 1702 καὶ

367 1746 577 1814 πρέσβεις
631 1748 681 1795 δὲ
718 1744 932 1812 Ἀβάρων
985 1745 1237 1804 σταλέντας
1288 1745 1404 1810 προς
1443 1744 1592 1793 αὐτῶν
1632 1742 1906 1811 ἀνῃρῆσθαι.
1960 1744 2033 1793 διὰ
2071 1745 2213 1793 ταῦτά
2251 1761 2301 1792 τε
2333 1745 2464 1805 ἥκειν
2505 1745 2554 1801 ἐς
2592 1741 2673 1791 τὀν

367 1837 504 1903 Σάον,
542 1833 618 1884 καὶ
657 1833 728 1884 ἐπὶ
765 1836 911 1900 τούτῳ
948 1833 1156 1899 πρέσβεις
1184 1833 1399 1882 ἐκέλευσε
1427 1830 1652 1892 δέξασθαι
1677 1829 1782 1898 παρ’
1809 1832 1944 1881 αὐτοῦ
1988 1833 2067 1881 τ“ον
2094 1833 2256 1895 Σῆθον
2297 1831 2671 1893 σταλησομένους

380 1921 433 1972 δι’
473 1924 608 1973 αὺτοῦ
648 1925 710 1982 ὡς
737 1924 816 1971 τον
843 1922 1171 1988 αὐτοκράτορα,
1215 1919 1292 1971 καὶ
1315 1920 1587 1984 αἰτήσοντας
1611 1923 1947 1986 παρασκευάσαι
1971 1920 2091 1971 κατὰ
2130 1922 2208 1969 τὀν
2231 1918 2414 1986 Ἴστρον
2450 1919 2576 1985 αύτῷ
2615 1918 2673 1968 τὰ

367 2013 509 2062 πλοῖα
562 2014 935 2077 διαπεραιοῦσθαι
984 2011 1208 2072 μέλλοντι
1259 2011 1381 2060 κατὰ
1428 2010 1733 2072 Σκλαβηνῶν.
1773 2010 1950 2072 ὀμνύειν
2009 2028 2060 2059 τε
2099 2009 2266 2074 ἔλεγεν
2306 2009 2429 2074 ἔχειν
2470 2007 2664 2071 ἑτοίμως

368 2101 473 2161 τοὺς
513 2102 830 2163 νομιζομένους
879 2100 1121 2164 μεγίστους
1166 2101 1291 2166 παρά
1338 2117 1388 2148 τε
1439 2096 1655 2165 Ἀβάροις
1708 2096 1785 2148 καὶ
1822 2096 2065 2161 Ῥωμαίοις
2116 2100 2296 2165 ὅρκους,
2351 2098 2414 2157 ὡς
2456 2095 2668 2159 οὒδεμίαν

367 2191 464 2241 τινὰ
518 2190 639 2239 κατὰ
677 2187 916 2251 Ῥωμαίων
966 2192 996 2250 ἢ
1045 2189 1164 2238 κατὰ
1217 2193 1299 2251 τῆς
1339 2188 1518 2254 Σιρμίου
1558 2187 1744 2247 πόλεως
1799 2191 2137 2252 μηχανώμενος
2190 2185 2390 2254 βλάβην,
2443 2184 2559 2234 ἀλλ’
2599 2183 2671 2234 ἐπὶ

369 2285 426 2348 τῇ
477 2285 556 2328 τοῦ
603 2279 775 2337 ἔθνους
830 2282 921 2328 τῶν
972 2277 1257 2339 Σκλαβηνῶν
1305 2277 1454 2343 ἐφόδῳ
1504 2276 1586 2338 τὴν
1639 2279 1837 2343 γέφυραν
1892 2276 2103 2339 βούλοιτο
2142 2274 2398 2338 πήξασθαι.
2439 2281 2582 2324 ταῦτα
2620 2274 2672 2324 οὒ

368 2367 504 2417 πιστὰ
550 2369 633 2429 μὲν
673 2367 778 2416 οὔτε
817 2368 968 2432 Σήθῳ
1007 2365 1131 2432 αὐτῷ
1171 2365 1274 2415 οὔτε
1313 2369 1409 2424 τοῖς
1450 2367 1496 2414 ἐν
1536 2366 1778 2430 Σιγγηδὸνι
1815 2366 1965 2415 ἐδόκει
2003 2363 2260 2427 Ῥωμαίοις,
2288 2352 2430 2426 θὅμως
2471 2363 2522 2412 δὲ
2563 2363 2668 2412 οὔτε

367 2457 656 2523 παρασκευὴν
709 2456 872 2517 ἱκανὴν
927 2457 1049 2520 ἔχειν
1089 2453 1299 2522 οἰόμενοι,
1355 2458 1645 2520 στρατιωτῶν
1683 2471 1734 2503 τε
1774 2453 1945 2518 ὀλίγων
1985 2454 2134 2513 αὺτοῖς
2172 2454 2408 2518 παρόντων
2447 2450 2524 2501 καὶ
2564 2452 2671 2517 δρο-

369 2546 527 2609 μάδων
567 2550 679 2595 νεῶν
718 2545 911 2594 πολλῶν
953 2545 1003 2593 οὺ
1040 2548 1294 2611 παρουσῶν,
1335 2539 1410 2593 οἷα
1449 2548 1533 2605 τῆς
1570 2546 1790 2605 κινήσεως
1830 2544 1999 2606 ταύτης
2039 2541 2246 2608 ἐξαίφνης
2285 2560 2335 2592 τε
2376 2539 2456 2591 καὶ
2493 2540 2667 2606 ἀπροσ-

371 2635 579 2697 δοκήτως
628 2636 898 2701 γενομένης,
950 2636 1044 2696 ἅμα
1097 2651 1146 2682 τε
1185 2639 1263 2681 τοῦ
1302 2633 1523 2697 Χαγάνου
1565 2631 1809 2682 διαπειλεῖν
1849 2629 2103 2699 ἀρξαμένου
2142 2629 2220 2680 καὶ
2258 2631 2666 2697 διαμαρτύρασθαι,

370 2725 434 2783 ὡς
484 2724 618 2782 αὐτος
671 2723 753 2785 μὲν
805 2724 903 2780 ταῖς
954 2722 1066 2787 προς
1106 2719 1361 2783 Ῥωμαίους
1412 2723 1782 2782 συντεθειμέναις
1837 2720 1962 2786 αὐτῷ
2000 2718 2102 2785 περὶ
2137 2725 2219 2783 τῆς
2259 2718 2440 2786 εἰρήνης
2479 2719 2665 2781 ἐμμένοι

370 2814 643 2878 συνθήκαις,
699 2811 822 2860 κατὰ
875 2811 925 2859 δὲ
962 2815 1051 2859 τῶν
1091 2811 1254 2859 ἑαυτοῦ
1294 2827 1346 2859 τε
1383 2807 1460 2858 καὶ
1499 2806 1738 2871 Ῥωμαίων
1776 2809 2011 2872 πολεμίων
2052 2807 2340 2872 Σκλαβηνῶν
2378 2811 2544 2872 χωρῶν
2586 2805 2670 2855 οὒκ

371 2898 582 2967 ἀφέξεται
620 2903 698 2950 τοῦ
737 2901 870 2964 ἔργου
911 2904 994 2961 τῆς
1033 2895 1347 2965 γεφυρώσεως·
1392 2938 1401 2949 .
1447 2941 1456 2951 .
1502 2905 1545 2951 .“

548 3003 673 3053 lbid.
700 3019 724 3051 c
773 3002 842 3066 64
894 3001 966 3070 (p.
1007 3017 1064 3051 12
1076 3000 1147 3069 5):
1195 3002 1331 3066 „⁶0u
1381 3000 1664 3066 ἀφικομένων
1703 3006 1796 3050 τῶν
1834 3001 2068 3067 πρέσβεων
2106 3005 2197 3049 τῶν
2236 2996 2448 3064 Ἀβάρων
2488 2996 2551 3057 εἰς
2589 2997 2672 3059 τὴν

370 3091 596 3158 βασιλίδα,
638 3089 717 3140 καὶ
755 3090 1001 3140 αἰτούντων
1041 3091 1117 3140 τὀν
1157 3091 1470 3156 αὐτοκράτορα
1508 3092 1848 3156 παρασκευάσαι
1886 3090 1968 3148 τὰς
2009 3092 2116 3148 ναῦς
2156 3087 2222 3154 τῷ
2260 3088 2468 3153 Χαγάνῳ
2509 3084 2588 3136 καὶ
2615 3091 2670 3154 τῇ

343 3180 555 3248 στρατιᾷ
607 3184 697 3228 τῶν
737 3179 951 3246 Ἀβάρων
991 3180 1040 3238 ἐς
1078 3180 1154 3227 τον
1196 3175 1376 3244 Ἴστρον
1415 3178 1720 3246 διαβησο).ένῃ
1762 3179 1882 3227 κατὰ
1920 3176 2226 3244 Σκλαβηνῶν,
2276 3181 2544 3242 θαρροῦντα
2580 3174 2670 3241 γὰρ

371 3270 461 3332 ἤδη
503 3270 580 3318 τον
620 3270 840 3334 Χαγάνον
882 3270 930 3327 ἐς
971 3269 1054 3329 τὴν
1093 3267 1240 3333 φιλίαν
1279 3267 1362 3328 τὴν
1403 3267 1539 3316 αὐτοῦ
1578 3268 1659 3328 τὴν
1699 3268 1892 3332 γέφυράν
1933 3284 1984 3316 τε
2024 3267 2072 3325 ἐς
2112 3267 2189 3316 τὀν
2230 3267 2350 3314 Σάον
2390 3265 2675 3330 ἐργάζεσθαι

371 3358 578 3420 ποταμὸν
632 3355 708 3406 καὶ
762 3357 1018 3418 βούλεσθαι
1072 3355 1178 3415 τοὺς
1228 3355 1406 3414 κοινοὺς
1460 3355 1668 3422 ἐχθροὺς
1709 3356 1842 3404 αὺτοῦ
1881 3373 1930 3404 τε
1971 3353 2050 3404 καὶ
2087 3351 2328 3415 Ῥωμαίων
2367 3350 2668 3414 Σκλαβηνοῦς

372 3447 590 3513 ἐκτρῖψαι,
631 3451 772 3494 ταῦτα
795 3445 1178 3510 ἀπαγγειλάντων
1202 3444 1346 3503 εὐθὺς
1371 3445 1454 3505 μὲν
1487 3445 1539 3492 το
1581 3443 1852 3510 ἐπιχείρημα
1891 3441 1970 3492 καὶ
2008 3443 2091 3504 τὴν
2131 3443 2304 3491 ἔννοιαν
2344 3447 2423 3490 τοῦ
2451 3441 2670 3504 Χαγάνου

375 3536 537 3600 διέγνω
577 3539 729 3600 σαφῶς
769 3535 792 3582 ὁ
833 3535 1146 3600 αὐτοκράτωρ,
1187 3534 1250 3592 ὡς
1288 3534 1370 3594 τὴν
1409 3533 1542 3581 πόλιν
1581 3533 1632 3581 τ“ο
1672 3531 1851 3598 Σίρμιον
1892 3529 2067 3591 ἐξελεῖν
2107 3531 2392 3592 βουλόμενος
2431 3529 2670 3595 ἐργάζοιτο

375 3624 458 3684 τὴν
497 3625 690 3689 γέφυραν
730 3622 1025 3670 ἀποκωλῦσαι
1065 3622 1348 3684 βουλόμενος
1386 3622 1468 3682 τὴν
1510 3625 1601 3670 τῶν
1641 3619 1900 3684 ἀναγκαίων
1941 3619 2214 3687 εἰσ-κομιδήν,
2253 3620 2377 3677 ὅπως
2414 3617 2536 3680 λιμῷ
2575 3633 2668 3664 πα-

375 3713 642 3777 ραστήσοιτο
692 3712 773 3772 τὴν
819 3710 970 3760 πόλιν.
1026 3711 1076 3759 οἱ)
1114 3710 1204 3776 γὰρ
1243 3708 1299 3772 ἧν
1339 3708 1618 3774 ἁποχρώσας
1658 3709 1862 3767 δαπάνας
1901 3709 1950 3767 ἐς
1990 3709 2128 3769 αυτὴν
2167 3708 2570 3773 προαποθέμενος,
2610 3709 2666 3771 τῇ

375 3803 634 3866 συνεστώσῃ
684 3800 798 3865 προς
834 3797 1063 3866 Ἀβάρους
1103 3798 1256 3866 εἰρήνῃ
1294 3802 1500 3864 θαρρῶν.
1543 3797 1724 3863 ἀπορῶν
1767 3797 1816 3845 δὲ
1855 3786 2077 3863 στρατιᾶς,
2132 3797 2226 3845 οὔτι
2263 3796 2392 3859 λέγω
2430 3794 2545 3860 προς
2585 3793 2669 3853 τὴν

373 3885 585 3954 Ἀβάρων
626 3889 810 3950 δύναμιν
847 3886 1221 3953 ἀντιταξομένης,
1261 3884 1374 3935 ἀλλ’
1400 3886 1504 3935 οῦδὲ
1543 3884 1776 3950 ὄλιγίστης
1815 3885 1942 3944 ὅλως
1981 3886 2272 3951 ὑπαρχούσης
2311 3882 2451 3948 αὐτῷ,
2491 3883 2671 3930 πάντων

374 3981 464 4024 τῶν
510 3981 843 4040 στρατιωτικῶν
893 3977 1170 4040 καταλέγων
1200 3977 1259 4034 ’ἐς
1313 3977 1391 4023 τον
1443 3976 1557 4040 προς
1595 3974 1776 4039 Πέρσας
1814 3973 2022 4035 πόλεμον
2062 3974 2109 4022 ἐν
2150 3972 2368 4039 Ἀρμενίᾳ
2405 3989 2455 4020 τε
2493 3967 2570 4019 καὶ
2608 3974 2697 4036 τῇ

377 4066 492 4131 μέσῃ
531 4070 620 4112 τῶν
658 4069 877 4126 ποταμῶν
917 4066 1322 4130 ἐνησχολημένων,
1379 4063 1753 4129 ἀπεπροσποιεῖτο
1794 4063 1943 4124 δῆθεν
1982 4063 2046 4121 ὡς
2087 4063 2138 4110 οὺ
2177 4063 2423 4122 συννοήσας
2464 4060 2516 4108 τ“ο
2556 4058 2664 4118 βου-

374 4153 549 4202 λευθέν
608 4153 673 4217 τῷ
724 4154 945 4217 Χαγάνῳ.
1001 4154 1166 4216 ἔφασκε
1207 4153 1263 4212 δὴ
1304 4151 1564 4212 βούλεσθαι
1602 4151 1684 4212 μὲν
1725 4148 1804 4199 καὶ
1842 4150 1979 4209 αύτος
2015 4145 2139 4198 κατὰ
2177 4149 2463 4210 Σκλαβηνῶν
2503 4147 2669 4204 αὺτούς
