2872 4504
1228 236 1294 291 ἐι.
1326 251 1428 302 280,
1460 250 1559 289 281.
2466 245 2553 285 313

492 435 539 472 v.
566 419 651 472 80.
692 419 977 474 Destructis
1018 427 1251 491 utrisque
1292 435 1465 473 tamen
1509 440 1629 472 cum
1671 422 1858 472 robore
1901 418 2037 478 forti,

696 513 1055 580 Aequatisque
1097 514 1229 581 solo,
1270 511 1404 561 ferro
1448 513 1678 561 vastabat
1717 521 1767 559 et
1806 510 1911 577 igni

698 596 929 647 Hostiles
970 601 1069 648 late
1110 611 1283 664 terras,
1325 601 1390 648 ad
1431 603 1560 650 ostia
1601 600 1770 648 donec

699 684 1012 736 perveniens
1053 689 1354 746 Arrabonis‚
1398 705 1501 756 qua
1543 687 1704 737 fertur
1743 689 1792 735 in
1835 685 2000 735 undas

698 773 942 831 Danubii,
986 776 1131 825 lassis
1172 778 1367 826 ibidem
1409 780 1631 826 statione
1677 778 1846 825 locata

495 876 542 912 v.
568 859 653 924 85.
696 861 949 912 Militibus
988 880 1211 930 parvum
1252 866 1463 915 dederat
1502 867 1822 932 requiescere
1862 873 2091 927 tempus,

699 949 782 1000 Sic
823 953 911 1000 ubi
953 952 1255 1002 Pannoniae
1297 952 1463 1002 fuerat
1502 969 1619 1019 pars
1660 954 1885 1002 maxima
1923 951 2055 1000 latae

699 1038 902 1089 Divitiis
942 1043 1162 1106 spoliata
1203 1045 1311 1091 suis
1351 1059 1409 1091 ac
1449 1042 1632 1091 tradita
1672 1040 1916 1109 flammis,

702 1126 1010 1178 Incolumen
1051 1132 1217 1180 victor
1256 1132 1521 1196 populum
1561 1146 1647 1179 rex
1687 1130 1807 1179 inde
1847 1129 2065 1197 reduxit,

699 1214 800 1265 Cui
844 1216 942 1267 fuit
980 1217 1184 1268 hostilis
1224 1219 1351 1268 haec
1390 1229 1500 1268 tota
1540 1217 1796 1285 profectio
1838 1219 1992 1284 plane

497 1321 543 1357 v.
573 1320 659 1370 90.
700 1303 971 1372 Prospera,
1015 1323 1094 1356 res
1136 1311 1186 1356 in
1231 1325 1290 1357 ea
1331 1324 1426 1358 nec
1467 1311 1685 1374 contigit
1726 1308 1830 1356 ulla
1870 1306 2107 1364 moleste,

699 1393 934 1460 Excepto
977 1397 1124 1463 quod
1162 1407 1305 1445 tanta
1346 1398 1456 1445 lues
1498 1399 1609 1445 eius
1649 1397 1887 1462 legionis,

702 1482 878 1543 Quam
922 1500 1008 1533 rex
1049 1486 1210 1551 duxit,
1252 1502 1455 1553 aequos
1496 1486 1685 1535 morbo
1728 1484 2058 1550 consumpsit
2099 1483 2277 1536 atroci,

700 1571 771 1622 Ut
811 1574 1067 1623 decimam
1111 1585 1308 1639 partem
1353 1577 1436 1623 vix
1475 1575 1538 1622 de
1578 1585 1656 1623 tot
1697 1573 1908 1622 milibus
1949 1571 2106 1622 huius

699 1660 978 1727 Expertem
1022 1663 1180 1712 cladis
1219 1663 1423 1712 tradant
1463 1665 1696 1729 potuisse
1735 1660 1962 1714 reduci.“

1263 1873 1372 1960 St.
1427 1891 1583 1960 281.

442 2029 556 2100 791,
599 2044 668 2100 βο
709 2031 760 2087 7.
789 2031 1127 2101 septembrii.
1167 2032 1275 2103 (Na
1314 2033 1431 2101 poti
1469 2033 1617 2101 proti
1656 2030 1904 2102 Obrom.)

433 2135 797 2189 Frankovski
837 2136 981 2202 kralj
1024 2137 1196 2190 Karol
1238 2138 1359 2205 pise
1399 2136 1546 2203 svoji
1588 2136 1820 2204 soprogi
1847 2132 2143 2207 (Fastradi)
2171 2140 2254 2187 ter
2277 2131 2322 2200 ji
2349 2129 2560 2201 porooa

257 2223 469 2293 naJprej
510 2232 584 2295 to,
623 2224 729 2277 kar
771 2241 863 2278 mu
901 2225 957 2292 je
996 2226 1253 2279 naznanil
1292 2227 1576 2295 poslaneo,
1616 2226 1676 2278 ki
1699 2224 1754 2292 je
1781 2225 1954 2293 prisel
1977 2226 2051 2278 od
2076 2231 2222 2277 trum
2247 2220 2560 2290 njegovega

259 2314 381 2367 sina
434 2311 673 2385 (Pipina)
731 2315 1019 2382 [..missus
1073 2315 1319 2384 quidem
1373 2315 1577 2369 dilecti
1614 2313 1748 2383 filii
1786 2315 1990 2368 nostri
2013 2312 2148 2382 ill.¹)
2189 2312 2437 2367 nomine
2477 2310 2561 2364 ill.

259 2403 437 2456 nobis
474 2401 860 2475 nuntiavit“].
900 2403 1147 2458 Povedal
1185 2420 1277 2458 mu
1311 2403 1384 2472 je,
1422 2405 1492 2457 da
1532 2420 1598 2458 so
1624 2402 1868 2457 driavne
1896 2402 2038 2469 meio
2066 2417 2140 2470 po
2168 2402 2301 2456 onih
2328 2396 2560 2469 krajih²)

260 2489 522 2545 obisoene
575 2491 958 2546 sovrainikov
1012 2490 1144 2564 [„de
1199 2492 1548 2547 salvatione
1606 2490 1949 2560 confinium
2009 2496 2375 2545 nostrorum
2437 2488 2565 2542 illis

256 2581 551 2649 partibus
598 2579 899 2652 positis“].
962 2581 1107 2635 Tudi
1147 2597 1240 2635 mu
1274 2580 1330 2648 je
1369 2581 1642 2650 naznanil,
1703 2584 1774 2634 da
1843 2579 1900 2647 je
1939 2579 2157 2648 vojska,
2197 2579 2258 2632 ki
2298 2594 2360 2632 se
2393 2576 2451 2645 je
2489 2593 2564 2646 po

261 2669 556 2737 njegovem
595 2667 976 2740 (Karolovem)
1016 2670 1198 2723 ukazu
1238 2671 1485 2738 napotila
1525 2670 1575 2723 iz
1614 2669 1792 2736 ItaliJ'e
1832 2669 1978 2738 proti
2017 2667 2216 2722 obrski
2254 2665 2448 2732 deieli,
2489 2667 2561 2720 da

262 2758 318 2811 bi
356 2759 588 2826 posedla
612 2761 856 2813 ondotne
882 2758 1037 2824 meje.
1076 2760 1251 2827 prisia
1276 2759 1351 2823 tja
1378 2761 1484 2812 dne
1511 2761 1596 2812 23.
1621 2764 1856 2827 avgusta
1881 2756 2211 2829 [„qualiter
2235 2756 2346 2810 illa
2371 2771 2564 2810 scara

262 2852 502 2909 nostra,
538 2863 655 2917 que
669 2850 859 2917 prius
897 2849 973 2901 de
996 2848 1186 2902 Italia
1228 2849 1524 2902 iussimus
1559 2854 1822 2916 pergere
1853 2849 2147 2916 partibus
2185 2846 2461 2899 Avariae
2501 2846 2565 2898 in

261 2936 345 2990 ill.
366 2935 644 3005 confinia
670 2938 1098 3002 resedendum,
1118 2942 1551 3005 perrexerunt
1563 2934 1603 3007 ⁸)
1631 2936 1813 3006 infra
1824 2935 1997 3004 fines
2022 2937 2304 3005 ipsorum
2331 2935 2567 2987 decimo

264 3022 602 3085 Kalendas
634 3023 1077 3097 Septembris“].
1116 3025 1315 3080 Zaoela
1351 3025 1406 3092 je
1441 3025 1531 3092 boj
1561 3041 1590 3078 z
1616 3024 1753 3079 Obri
1778 3033 1861 3078 ter
1882 3024 1964 3091 jih
1988 3023 2320 3093 premagala.
2359 3021 2566 3075 Veliko

264 3112 460 3167 Obrov
495 3113 552 3181 je
589 3115 707 3168 bilo
746 3115 924 3168 ubitih
962 3115 1020 3167 in
1058 3113 1121 3167 ie
1159 3115 1331 3182 dolgo
1372 3112 1502 3168 oasa
1541 3114 1599 3166 ni
1638 3113 1755 3167 bilo
1793 3112 1916 3179 baje
1955 3113 2091 3166 tako
2130 3113 2325 3166 slavne
2352 3124 2561 3178 zmage.

264 3200 482 3268 Vojska
531 3203 589 3269 je
627 3204 873 3272 oplenila
925 3201 1164 3274 (obrski)
1204 3204 1364 3255 tabor
1402 3209 1485 3254 ter
1523 3203 1703 3254 ostala
1742 3209 1798 3253 tu
1841 3217 1945 3254 vso
1984 3200 2094 3254 noo
2131 3207 2215 3253 ter
2253 3199 2416 3267 drugi
2456 3201 2566 3252 dan

261 3290 390 3359 (dne
412 3292 499 3345 24.
525 3290 675 3361 avg.)
698 3293 771 3345 do
795 3290 953 3355 tretje
992 3306 1104 3345 ure.
1144 3289 1282 3362 [„Et
1322 3292 1599 3344 inierunt
1627 3296 1910 3359 pugnam
1952 3305 2090 3343 cum
2132 3290 2231 3342 eis.
2272 3289 2358 3342 Et
2394 3288 2566 3342 dedit

263 3380 352 3433 eis
388 3379 565 3434 Deus
603 3382 994 3449 omnipotens
1023 3386 1149 3448 pro
1189 3395 1307 3433 sua
1346 3381 1781 3433 misericordia
1821 3380 2164 3444 victoriam,
2206 3383 2262 3431 et
2293 3377 2566 3452 multitu7

264 3468 471 3521 dinem
522 3470 599 3523 de
638 3470 792 3538 ipsis
831 3470 1063 3523 Avaris
1104 3469 1583 3536 interfecerunt,·
1622 3469 1685 3521 in
1725 3473 1983 3537 tantum,
2023 3473 2093 3521 ut
2128 3467 2357 3532 dicunt,
2399 3465 2570 3534 quod

267 3557 332 3608 in
371 3558 585 3611 multis
622 3558 836 3612 diebus
876 3559 1085 3611 maior
1119 3559 1360 3625 stragis
1398 3557 1473 3609 de
1513 3558 1666 3625 ipsis
1704 3557 1938 3610 Avaris
1963 3555 2216 3624 factum
2258 3570 2384 3608 non
2412 3553 2567 3622 fuit.

264 3644 351 3698 Et
403 3646 892 3715 expoliaverunt
938 3648 1138 3715 ipsum
1179 3646 1474 3710 uualum,·
1524 3651 1583 3699 et
1616 3646 1916 3699 sederunt
1952 3646 2172 3698 ibidem
2215 3646 2352 3713 ipsa
2392 3648 2566 3697 nocte

444 3807 479 3862 ι)
511 3807 582 3852 Ta
613 3807 690 3853 sin
715 3810 766 3864 je
797 3808 866 3852 bil
899 3808 1054 3865 Pipin,
1085 3807 1208 3862 kralj
1243 3806 1418 3863 italski‚
1450 3806 1501 3850 ki
1532 3807 1578 3861 je
1610 3806 1732 3851 livel
1764 3806 1827 3851 od
1859 3811 2108 3852 777-810.

444 3879 479 3936 ²)
510 3880 583 3925 To
610 3883 663 3936 je
694 3893 755 3925 na
787 3881 899 3937 meji
934 3881 1228 3937 Pipinovega
1259 3881 1522 3934 kraljestva
1555 3879 1603 3923 in
1635 3880 1816 3925 obrske
1848 3880 2035 3926 drzave.

449 3953 483 4011 ¹)
512 3955 644 4011 Kralj
679 3955 820 4011 Pipin
852 3967 956 4000 sam
987 3955 1037 3999 ni
1068 3955 1139 3999 Sel
1171 3966 1232 3998 na
1274 3955 1456 3997 obrsko
1497 3953 1684 4011 zemljo‚
1723 3956 1877 3998 temue
1900 3956 1953 4010 je
1983 3954 2029 3999 le
2059 3954 2373 4012 poslalsvoje
2410 3960 2563 3999 trume

266 4028 344 4082 tja.
377 4027 476 4072 Cfr.
499 4029 625 4074 Anu.
650 4029 879 4074 Lauresh.
903 4041 945 4074 a.
969 4034 1051 4075 791
1085 4027 1213 4085 (MG.
1237 4027 1316 4072 SS.
1341 4028 1378 4083 1,
1401 4029 1498 4076 34):
1552 4061 1571 4083 „
1597 4060 1607 4070 .
1632 4057 1642 4068 .
1667 4060 1677 4073 .
1701 4028 1939 4073 exercitus
1979 4040 2120 4084 quem
2160 4029 2395 4085 Pippinus
2437 4028 2567 4073 filius

267 4099 371 4144 eius
402 4100 460 4145 de
492 4101 622 4146 ltalia
653 4103 1029 4159 transmisit,
1061 4102 1164 4158 ipse
1197 4101 1467 4152 (exercitus)
1509 4100 1723 4144 introivit
1754 4100 1997 4159 Illyricum
2021 4101 2044 4124 “
2079 4126 2131 4134 —
2167 4101 2234 4146 Te
2266 4102 2565 4147 frankovske

266 4175 368 4219 oete
398 4187 456 4220 so
489 4176 672 4221 morale
703 4177 754 4221 iti
784 4189 850 4233 po
882 4176 1167 4221 slovenskih
1199 4175 1309 4231 neh,
1343 4174 1401 4218 da
1433 4186 1490 4218 so
1522 4173 1669 4229 prisle
1701 4175 1763 4219 do
1795 4176 1974 4220 obrske
2006 4175 2179 4221 dezele.
