2872 4504
328 228 415 271 294
1273 212 1339 269 ἐπ.
1372 227 1474 280 261,
1506 227 1609 280 262,
1640 229 1742 269 263.

504 405 654 454 Ann.
683 403 884 455 Petav.
912 402 976 451 ad
1016 419 1060 455 a.
1084 402 1190 468 782
1231 399 1374 472 (MG.
1414 400 1517 470 SS.,
1558 401 1594 462 Ι,
1644 399 1752 470 17):
1788 403 1939 461 „Hoc
1978 419 2118 452 anno
2164 403 2395 454 domnus
2423 416 2473 455 et
2511 407 2625 456 reli-

328 493 506 557 giosus
570 506 658 540 rex
718 490 940 540 Karolus
997 489 1180 539 habuit
1237 506 1492 556 magnum
1544 491 1792 556 placitum
1849 493 1900 539 in
1954 489 2179 541 Saxonia
2230 507 2388 558 super
2427 492 2626 543 flumen

329 578 542 644 Lippia:
583 593 633 628 et
671 579 738 627 ibi
780 589 1034 628 venerunt
1072 578 1357 644 legationes
1396 577 1638 628 Unorum
1682 578 1747 627 ad
1787 581 2134 644 praesentiam
2173 582 2468 647 principis!

502 681 685 733 Poeta
726 681 898 740 Saxo,
942 679 1002 749 ΙΙ,
1040 698 1087 730 v.
1118 695 1300 747 7—14
1339 679 1482 750 (MG.
1507 679 1610 739 SS.,
1654 679 1689 750 1,
1732 678 1892 750 237):

577 845 629 881 v.
667 844 716 894 7.
758 870 786 898 „
828 868 841 881 .
867 867 917 881 ..
944 839 994 877 et
1032 829 1098 877 ad
1138 826 1309 878 fontes
1349 827 1493 878 fluvii
1534 830 1618 878 cui
1658 828 1865 897 Lyppia
1905 845 2123 898 nomen,

760 915 1100 967 Conventum
1140 914 1248 966 fieri
1290 932 1568 980 procerum
1611 919 1759 966 iussit
1796 918 2109 984 generalem.

755 1005 862 1055 Illic
901 1006 1187 1072 disponens
1227 1006 1501 1072 complura
1539 1007 1759 1072 negocia
1799 1007 1960 1073 regni,

578 1112 623 1146 v.
649 1111 726 1147 10.
746 1093 1021 1143 Danorum
1062 1096 1195 1160 regis
1234 1092 1461 1160 sigifridi
1502 1096 1720 1143 nomine
1762 1096 1969 1156 missos»,

753 1182 821 1233 Et
859 1199 996 1250 quos
1036 1182 1294 1251 Iugurgus
1335 1185 1630 1250 pariterque
1671 1180 1918 1249 Caganus
1959 1183 2024 1232 ad
2065 1186 2258 1250 ipsum,

763 1272 1046 1321 Hunorum
1086 1274 1274 1320 misere
1314 1271 1491 1334 duces,
1532 1287 1628 1338 pro
1670 1287 1797 1338 pace
1838 1273 2079 1338 petenda,

748 1362 944 1412 Audiit.
989 1361 1318 1428 absolvitque
1358 1361 1490 1410 datis
1530 1361 1813 1427 prudenter
1852 1360 2050 1411 eisdem

576 1466 623 1503 v.
654 1464 730 1514 14.
757 1446 1097 1516 Responsi8.“

502 1628 653 1680 Ann.
679 1626 840 1679 Fuld.
867 1627 933 1677 ad
973 1644 1016 1679 a.
1043 1626 1149 1693 782
1191 1624 1334 1696 (MG.
1361 1625 1464 1695 SS.,
1503 1625 1538 1687 1,
1585 1623 1736 1695 349):
1782 1626 2043 1696 „Karolus
2083 1626 2266 1678 habuit
2306 1639 2630 1678 conventum

331 1718 382 1765 in
421 1717 558 1775 loco,
603 1717 690 1765 ubi
733 1715 920 1782 Lippia
973 1718 1152 1774 oritur,
1201 1755 1215 1768 .
1254 1755 1267 1768 .
1306 1756 1320 1769 .
1359 1714 1461 1766 Ubi
1502 1715 1568 1764 ad
1608 1732 1731 1765 eum
1774 1728 2028 1766 venerunt
2067 1756 2080 1769 .
2119 1756 2132 1770 .
2170 1756 2183 1770 .
2224 1719 2366 1766 missi
2411 1734 2630 1785 quoque

331 1805 619 1856 Hunorum
662 1803 859 1872 Cagani
901 1816 951 1855 et
990 1804 1238 1872 Iugurri.“

1319 2059 1429 2147 St.
1465 2077 1648 2150 262.

496 2189 632 2247 783.

498 2294 636 2350 Obri
675 2310 740 2349 so
779 2294 941 2364 prssli
979 2296 1053 2349 do
1091 2293 1279 2364 Αῐιίὶο,
1318 2292 1444 2360 kJ'er
1482 2308 1552 2362 pa
1590 2293 1718 2348 niso
1756 2293 1990 2347 naredili
2030 2292 2378 2365 (Bavareem)
2412 2295 2632 2348 nobene

326 2382 568 2454 §kode.¹)

500 2490 651 2542 Ann.
691 2504 735 2541 s.
764 2489 1011 2542 Emmer.
1047 2489 1269 2554 Ratisp.
1295 2490 1430 2542 mai.
1457 2490 1522 2539 ad
1562 2506 1606 2538 a.
1637 2493 1741 2555 783
1784 2486 1929 2559 (MG.
1954 2487 2061 2551 SS,
2100 2487 2136 2557 1,
2177 2485 2294 2557 92):
2341 2488 2520 2557 „Huni
2563 2488 2628 2537 ad

324 2577 539 2628 Enisam
576 2589 846 2647 venerunt,
883 2578 974 2627 sed
1014 2579 1082 2628 ibi
1123 2589 1418 2627 nocuerunt
1457 2575 1633 2630 nihil.“

1305 2817 1417 2904 St.
1469 2834 1648 2905 263.

506 2945 654 3005 okon
694 2945 873 3015 7833)

505 3050 879 3120 Solnografiki
930 3051 1069 3106 §kof
1102 3050 1322 3120 Virgilii
1375 3051 1557 3120 poelje
1606 3053 1731 3106 med
1784 3050 2165 3105 karantanske
2216 3049 2493 3106 Slovence
2530 3049 2630 3102 du·

330 3140 581 3195 hovnika
617 3140 963 3209 Reginbalda
1002 3140 1150 3211 (tega
1188 3156 1225 3194 v
1264 3140 1462 3210 tretji6‚
1499 3140 1614 3194 ako
1652 3157 1722 3194 ne
1761 3156 1797 3192 v
1838 3139 2053 3210 deti-tio)
2091 3140 2147 3193 in
2187 3137 2523 3205 Gundharja.

507 3245 690 3297 Conv.
734 3246 871 3311 Bag.
914 3250 973 3298 et
1025 3245 1278 3310 Carant„
1320 3262 1362 3299 e.
1412 3261 1438 3310 5
1481 3244 1750 3314 (MG.SS.,
1791 3245 1880 3306 Xl,
1933 3242 2011 3314 8):
2055 3244 2390 3314 „iterumque
2437 3243 2629 3311 Regin·

332 3335 547 3385 baldum
590 3345 639 3383 et
679 3333 1066 3388 Gundhariurn.
1107 3333 1178 3384 Et
1216 3333 1319 3385 hoc
1359 3335 1457 3384 sub
1496 3333 1717 3401 Virgilio
1761 3332 1958 3384 factum
1998 3345 2075 3383 est
2115 3330 2415 3400 episcop0.“

504 3437 643 3489 Vita
697 3438 749 3490 S.
796 3439 1040 3504 Virgilii,
1083 3438 1198 3492 lect.
1237 3437 1320 3491 IV.
1361 3437 1505 3508 (MG.
1545 3438 1648 3498 SS.,
1689 3437 1780 3506 XI,
1822 3434 1938 3506 87):
1983 3436 2148 3507 „Item
2186 3435 2539 3486 Reinbaldum
2580 3447 2633 3485 et

336 3524 736 3579 Guntharium.“

515 3718 546 3771 ¹)
581 3718 678 3763 Ker
708 3731 766 3763 so
797 3730 851 3763 se
883 3718 1001 3763 Obri
1031 3717 1129 3763 leto
1159 3719 1328 3774 poprej
1362 3730 1389 3761 s
1419 3716 1757 3762 frankovskim
1788 3716 1992 3772 kraljem
2026 3715 2260 3761 Karolom
2298 3715 2569 3772 dogovorili
2598 3727 2636 3759 o

332 3793 455 3837 miru
486 3792 566 3849 (gl.
593 3792 653 3837 ὲῒ.
674 3791 792 3849 261),
839 3792 947 3836 niso
995 3792 1125 3848 sedaj
1173 3791 1413 3848 nastopali
1459 3792 1546 3836 kot
1590 3790 1881 3835 sovrainiki.
1914 3814 1968 3822 —
2001 3790 2167 3835 Simon
2199 3789 2515 3847 (Jahrbiicher
2545 3789 2632 3833 des

334 3867 488 3911 frank.
515 3866 717 3910 Reiches
748 3873 886 3910 unter
916 3865 1034 3910 Karl
1066 3865 1110 3911 d.
1132 3865 1231 3920 Gr„
1255 3866 1277 3909 1
1311 3866 1401 3919 (ed.
1426 3865 1574 3922 1888),
1606 3870 1691 3909 Str.
1715 3868 1813 3908 426.
1848 3867 1946 3920 op.)
1976 3863 2118 3913 misli,
2165 3864 2224 3908 da
2254 3876 2312 3908 so
2345 3863 2461 3908 Obri
2493 3863 2631 3920 prissli

334 3941 395 3985 do
427 3940 575 3984 Aniie
604 3942 658 3984 ie
687 3940 784 3984 leta
804 3945 904 3984 782.
925 3953 957 3986 v
978 3940 1139 3985 tistem
1166 3941 1298 3997 Casu,
1326 3940 1393 3983 ko
1424 3951 1483 3984 so
1515 3938 1690 3995 poslali
1714 3939 1854 3992 svoje
1875 3938 2104 3994 poslance
2124 3950 2157 3982 v
2178 3937 2465 3982 frankovski
2491 3937 2636 3981 tabor

331 4014 367 4059 k
398 4013 549 4058 izviru
580 4014 694 4058 reke
726 4014 889 4070 Lippe.

512 4101 545 4159 ²)
574 4103 772 4146 Zastran
803 4102 1035 4158 datiranja
1065 4102 1127 4158 gl.
1151 4102 1342 4146 dotieno
1374 4101 1560 4157 opazko
1591 4099 1688 4156 pod
1719 4099 1777 4143 ἑῐ.
1803 4104 1890 4143 223
1921 4099 1971 4143 in
2002 4104 2102 4144 251.

2822 4373 2851 4504 mimi-2
2830 4281 2849 4358 m*
2825 4210 2849 4262 aa.
2830 4189 2849 4196 .·
2832 4057 2855 4171 μιν
2834 4013 2850 4031 ἐ
2835 3935 2853 3998 .<>‘·
2840 3856 2842 3866 ἡ
