2872 4504
407 262 463 303 86
1470 249 1624 305 sigo.

407 438 622 506 Venetie
663 449 713 487 et
763 439 973 507 Hystrie
1026 438 1366 503 metropolim
1422 437 1685 487 ordinaret
1735 438 2163 504 deprecabantur.
2213 445 2430 491 nomina
2486 460 2703 510 quoque

406 525 814 591 patriarcharum
872 530 961 594 qui
1021 537 1141 592 post
1194 525 1602 575 destructionem
1644 527 2080 593 Aquilegensium
2132 530 2270 579 urbis
2318 533 2428 579 sine
2484 533 2706 580 alicuius

406 614 679 679 apostolici
739 617 1076 664 concessione
1133 617 1184 662 in
1239 612 1439 678 prefato
1503 612 1755 663 Gradensi
1816 616 2026 665 castello
2084 617 2321 667 sederant
2379 617 2701 678 refferebant,

405 703 657 753 dicentes:
701 703 1064 752 Marcellianus
1106 701 1395 767 patriarcha
1434 704 1544 767 ipse
1586 705 1787 767 primus
1828 706 1879 752 in
1922 705 2105 753 eadem
2154 717 2347 755 novam
2404 708 2704 774 Aquileiam

405 791 536 839 sedit
574 793 721 839 annis
760 790 966 849 XVIIII,
1010 794 1099 858 qui
1140 793 1284 855 prius
1325 788 1515 840 fecerat
1563 795 1938 842 monasterium
1978 792 2304 859 Beligniense
2345 797 2396 843 in
2439 796 2703 845 destructa

403 879 666 945 Aquileia3
707 879 851 946 quod
894 882 1047 928 etiam
1091 881 1468 928 monasterium
1503 868 1606 928 ¹sub
1647 883 1846 946 proprii
1888 882 2110 930 dominii
2150 884 2258 932 iure
2299 884 2556 951 quamdiu
2580 887 2711 934 vixit

403 969 629 1020 retinuit.
668 967 791 1017 huic
848 979 1022 1017 autem
1078 970 1325 1017 successit
1377 967 1726 1037 Marcellinus,
1778 972 1869 1036 qui
1929 972 2078 1019 annis
2116 970 2214 1021 XV
2254 988 2391 1039 nove
2443 973 2707 1040 Aquilege

403 1059 530 1105 rexit
569 1057 858 1123 ecclesiam;
919 1067 1039 1122 post
1090 1073 1252 1123 quem
1305 1055 1601 1121 Stephanus
1655 1059 1706 1104 in
1761 1058 1996 1107 eiusdem
2051 1062 2198 1108 castri
2241 1061 2510 1116 ecclesiam
2568 1061 2702 1110 sedit

404 1147 552 1194 annis
590 1144 684 1193 XII
726 1156 776 1194 et
823 1147 1090 1195 mensibus
1132 1144 1197 1194 111
1240 1155 1290 1194 et
1343 1145 1526 1194 diebus
1579 1145 1692 1198 XV.
1751 1145 1908 1196 huius
1964 1150 2162 1214 quippe
2219 1165 2490 1198 successor
2543 1152 2712 1199 extitit

403 1234 633 1292 Maurus,
675 1237 764 1301 qui
807 1236 859 1282 in
901 1234 1084 1283 eadem
1125 1234 1340 1301 ecclesia
1379 1233 1573 1300 prefuit
1612 1237 1760 1283 annis
1803 1235 1908 1296 1111,
1951 1238 2219 1286 mensibus
2261 1237 2323 1297 V;
2374 1250 2494 1304 post
2534 1255 2698 1306 quem

404 1322 746 1372 Macedonius
787 1339 878 1388 per
916 1339 1083 1371 annos
1122 1321 1242 1373 XVI
1285 1333 1335 1372 et
1375 1324 1642 1372 mensibus
1685 1323 1730 1373 V
1770 1335 1821 1373 et
1860 1326 1968 1374 dies
2008 1325 2077 1376 VI
2119 1326 2313 1375 ibidem
2355 1329 2518 1376 extitit
2546 1329 2696 1392 patri·

362 1441 372 1452 ·
405 1409 572 1469 archa,
634 1413 724 1478 qui
774 1411 1044 1479 ecclesiam
1100 1413 1261 1460 sancti
1318 1410 1564 1461 Iohannis
1618 1414 1843 1478 apostoli
1894 1424 1943 1462 et
1994 1416 2308 1484 evangeliste
2345 1411 2361 1485 Η
2400 1418 2451 1464 in
2508 1416 2701 1464 eodem

402 1499 610 1548 castello
653 1498 904 1549 fundavit.
948 1498 1044 1549 hos
1085 1510 1262 1549 autem
1303 1502 1353 1548 in
1397 1516 1620 1550 numero
1663 1504 2054 1568 episcoporum,
2096 1506 2187 1570 qui
2228 1521 2257 1553 a
2297 1516 2538 1570 tempore
2563 1505 2696 1554 beati

402 1586 562 1636 Marci
616 1604 783 1655 usque
824 1588 888 1636 ad
943 1588 1196 1656 Nicetam,
1255 1591 1346 1656 qui
1402 1600 1641 1655 tempore
1702 1590 2069 1641 destructionis
2110 1593 2450 1659 Aquilegensi
2512 1591 2710 1658 prefuit

403 1677 631 1745 ecclesie,
671 1680 1036 1727 connumerari
1078 1679 1337 1727 credimus
1366 1694 1461 1727 nec
1501 1694 1608 1727 non
1632 1679 1695 1727 ab
1724 1680 2012 1744 apostolice
2053 1681 2187 1730 sedis
2217 1679 2555 1746 pontificibus
2582 1698 2707 1731 cum

402 1765 524 1832 palii
566 1765 928 1815 benedictione
969 1767 1020 1814 in
1061 1765 1195 1815 hanc
1235 1782 1396 1833 quam
1447 1769 1674 1831 petimus
1716 1783 1907 1817 novam
1950 1767 2059 1817 fieri
2101 1771 2403 1837 Aquileiam
2459 1771 2700 1820 destinati

403 1864 539 1905 sunt

580 1940 736 1991 Tunc
777 1941 915 1991 idem
956 1945 1313 1993 sanctissimus
1354 1943 1666 1994 Benedictus
1706 1961 1949 1995 summus
1991 1945 2235 2012 Romane
2275 1947 2410 1995 sedis
2454 1945 2710 2014 pontifex,

403 2030 732 2097 benignitatis
761 2031 1043 2081 clemencia
1069 2043 1264 2097 motus,
1306 2034 1475 2099 dignis
1498 2049 1682 2082 eorum
1708 2034 2079 2084 condescendit
2106 2036 2363 2104 precibus»,
2405 2037 2703 2085 communi·

404 2129 626 2187 catoque
666 2118 954 2169 XXXVlllI
996 2123 1373 2187 episcoporum
1402 2122 1643 2180 concili0‚
1687 2121 2008 2172 Gradensem
2040 2127 2302 2174 civitatem
2322 2141 2516 2175 novam
2538 2127 2704 2192 Aqui-

402 2209 556 2257 leiam
598 2211 940 2271 constituens,
983 2226 1044 2258 ex
1084 2211 1470 2260 collaudatione
1511 2212 1938 2277 supradictorum
1963 2215 2337 2280 episcoporum
2369 2224 2418 2263 et
2459 2216 2704 2264 omnium

402 2308 576 2365 sancte
616 2297 856 2366 Romane
897 2299 1109 2367 ecclesie
1150 2300 1491 2349 cardinalium
1528 2303 1699 2351 tocius
1731 2300 1947 2370 Venetie
2002 2314 2051 2351 et
2102 2302 2313 2371 Hystrie
2367 2303 2706 2368 metropolim

404 2386 678 2445 ordinavit,
721 2389 1074 2454 accersitoque
1128 2388 1258 2438 duce
1299 2400 1349 2438 et
1388 2391 1479 2456 qui
1533 2405 1654 2439 curn
1708 2406 1771 2439 eo
1827 2402 1987 2443 erant:
2046 2407 2137 2457 per
2192 2392 2462 2457 privilegii,
2519 2394 2703 2459 inquit,

402 2486 710 2542 preceptum
749 2486 923 2545 sancte
962 2475 1203 2526 Romane
1244 2478 1456 2546 ecclesie
1508 2490 1558 2527 et
1598 2479 1985 2529 collaudatione
2026 2497 2085 2530 ac
2125 2478 2527 2531 confirmatione
2586 2497 2704 2530 om-

402 2568 551 2615 nium
592 2568 812 2615 istorum
854 2565 1088 2624 fratrum,
1131 2578 1237 2615 tam
1280 2570 1654 2633 episcoporum
1697 2585 1859 2636 quam
1887 2569 2245 2629 cardinalium,
2286 2571 2457 2619 tocius
2488 2568 2710 2638 Venetie

359 2698 370 2710 ,
401 2671 497 2704 nec
537 2671 644 2705 non
686 2666 736 2705 et
788 2656 996 2725 Hystrie
1049 2655 1370 2706 Gradensem
1410 2652 1424 2725 ΙΙ
1464 2657 1735 2724 ecclesiam
1780 2658 2115 2723 metropolim
2158 2659 2308 2708 vobis
2366 2658 2703 2716 ordinamus;

403 2744 636 2793 eiusdem
679 2760 802 2793 vero
845 2745 1065 2810 presulis
1106 2746 1416 2795 electionem
1459 2746 1596 2794 clero
1621 2757 1671 2794 et
1695 2747 1899 2812 populo
1926 2747 2142 2796 liberam
2170 2745 2391 2796 faciendi
2423 2747 2704 2796 tribuimus

404 2831 719 2885 facultatem.
773 2833 968 2899 prefate
1009 2844 1242 2900 preterea
1299 2836 1524 2901 regionis
1582 2834 1702 2884 duci
1745 2845 1866 2900 post
1905 2833 2095 2884 factam
2139 2836 2450 2885 electionem
2492 2838 2709 2884 investi-

403 2923 567 2971 cionis
607 2933 922 2988 potestatem
963 2925 1366 2984 committimus,
1421 2939 1525 2990 qua
1567 2924 1630 2972 ab
1672 2925 1787 2990 ipso
1844 2923 1976 2973 duce
2018 2935 2242 2990 accepta,
2303 2924 2541 2974 eiusdem
2599 2922 2705 2974 suf·

403 3008 656 3077 fraganeis
697 3012 1034 3061 consecrandi
1060 3013 1334 3061 licenciam
1360 3011 1717 3063 concedimus.
1761 3012 1956 3079 quibus
1985 3014 2214 3078 expletis,
2255 3014 2324 3062 ad
2346 3012 2502 3063 huius
2530 3023 2709 3081 sancte

401 3098 640 3148 Romane
705 3100 917 3168 ecclesie
970 3100 1145 3149 sedem
1188 3101 1254 3150 ad
1305 3101 1444 3166 pallii
1500 3100 1921 3150 benedictionem
1972 3102 2358 3167 suscipiendam
2414 3116 2694 3168 properare

403 3189 744 3255 iniungimus.

578 3277 691 3326 Hec
732 3280 909 3326 omnia
950 3293 1042 3344 per
1079 3278 1332 3345 privilegii
1375 3280 1621 3345 paginam
1660 3278 1780 3328 duci
1821 3277 1982 3328 Beato
2025 3290 2075 3329 et
2114 3281 2312 3329 cunctis
2354 3281 2465 3328 eius
2504 3295 2703 3329 susces-

401 3366 607 3414 soribus
648 3368 914 3416 concessit.
972 3367 1036 3415 ad
1075 3365 1233 3416 huius
1274 3369 1343 3414 rei
1394 3364 1851 3416 confirmationem
1892 3379 2051 3427 recte,
2111 3379 2168 3417 ut
2206 3369 2571 3434 supradictum
2612 3380 2709 3438 est,

403 3453 583 3502 ordine
624 3455 889 3521 quendam
932 3454 1157 3504 Paulum
1186 3455 1501 3504 cardinalem
1527 3465 1701 3523 sancte
1743 3455 1983 3524 Romane
2011 3458 2240 3525 ecclesie,
2283 3455 2415 3507 facta
2444 3458 2704 3507 electione

401 3542 462 3590 ab
504 3544 627 3607 ipsis
667 3544 884 3592 tribunis
910 3555 959 3592 et
986 3543 1248 3593 nobilibus
1289 3546 1380 3611 qui
1410 3559 1533 3593 cum
1562 3543 1722 3592 Beato
1765 3544 1897 3593 duce
1924 3544 2154 3606 aderant,
2196 3563 2223 3596 a
2245 3545 2446 3614 prefato
2476 3562 2697 3614 quoque

402 3631 533 3679 duce
575 3642 783 3697 accepta
824 3634 1178 3700 investicione,
1232 3631 1574 3698 patriarcham
1618 3635 1940 3682 consecravit
1994 3644 2150 3701 atque
2192 3651 2314 3685 cum
2356 3636 2500 3701 pallii
2542 3637 2705 3684 bene-

402 3719 627 3767 dictione
669 3720 719 3767 in
761 3736 953 3768 novam
995 3721 1292 3788 Aquileiam
1336 3737 1458 3770 cum
1500 3723 1571 3769 eis
1610 3718 1857 3771 remisit.“

579 3806 833 3858 Cronica
873 3810 1221 3860 brevissima
1261 3811 1503 3874 originis
1539 3811 1975 3875 patriarchatus
2016 3810 2332 3862 Gradensis
2372 3809 2699 3880 (Monticolo,

401 3895 434 3948 1.
473 3910 513 3946 c.
553 3912 601 3960 p.
633 3910 695 3958 55
727 3898 777 3943 in
801 3893 908 3964 56):
952 3897 1206 3964 „Hisdem
1247 3909 1424 3947 autem
1450 3898 1778 3963 temporibus
1806 3898 1993 3948 Beatus
2022 3899 2127 3948 dux
2151 3898 2696 3948 Methamaucensium

403 3998 523 4031 cum
566 3983 881 4049 quibusdam
920 3985 1139 4034 tribunis
1181 3996 1231 4035 et
1270 3987 1534 4035 nobilibus
1590 3988 1696 4034 suis
1756 3987 1820 4034 ad
1862 3987 2208 4035 universalem
2262 3986 2507 4037 Romane
2564 3988 2705 4035 sedis

403 4067 724 4138 pontificem,
764 4074 978 4120 nomine
1020 4072 1379 4132 Benedictum,
1438 4076 1660 4140 aggressi
1702 4085 1824 4123 sunt
1865 4077 1978 4140 iter3
2034 4074 2096 4123 ad
2139 4091 2298 4141 quem
2340 4090 2462 4124 cum
2514 4090 2698 4140 perve-

403 4160 616 4217 nissent,
658 4159 960 4224 suppliciter
1002 4159 1128 4210 fusis
1169 4162 1409 4227 precibus
1451 4173 1709 4228 quatenus
1752 4160 2016 4210 Gradense
2046 4174 2268 4212 castrum
2312 4178 2503 4212 novam
2533 4164 2699 4229 Aqui·
