2872 4504
358 219 445 259 290
1388 199 1454 253 ἐι.
1489 213 1589 253 256.

356 391 534 459 iupan
590 387 923 459 „Physso“¹)
975 403 1003 441 s
1053 387 1278 455 prisego
1330 386 1552 439 odobril
1602 392 1685 438 ter
1734 401 1801 439 so
1848 385 1908 452 jo
1961 386 2078 438 tudi
2116 387 2276 440 vsled
2333 386 2642 454 niegovega

354 476 732 549 (Tasilovega)
760 475 979 544 povelja
1000 475 1249 528 obhodili
1276 481 1406 541 opat
1428 473 1604 541 Fater,
1624 474 2035 542 arhipresbiter,
2049 475 2255 528 sodnik
2274 474 2648 544 Chunipreht,

355 567 488 635 gros
532 567 784 619 Hleodro
839 565 895 616 in
954 563 1277 630 Kernpreht.
1331 562 1475 615 Tudi
1529 563 1716 630 podeli
1768 570 2087 623 samostanu
2140 566 2212 617 30
2265 561 2558 617 Slovanov
2611 578 2648 615 v

355 651 672 723 Dietachu²)
711 669 740 706 z
780 651 1056 706 davdnimi
1096 650 1346 704 dohodki
1387 652 1537 702 vred.
1578 649 1737 715 Dalje
1769 666 1857 703 mu
1886 650 2160 718 prepusba
2186 653 2403 721 zemlj0,
2447 651 2646 706 katero

355 759 421 796 so
476 745 511 795 ti
552 741 783 796 Slovani
838 743 967 793 brez
1001 739 1326 806 -nJegovega
1394 737 1774 807 (Tasilovega)
1826 739 2143 806 dovoljenja
2196 737 2560 809 obdelovali⁸)
2615 755 2651 791 v

354 832 535 899 gozdu
575 831 696 882 med
737 829 1061 882 Dietachom
1100 829 1157 879 in
1199 826 1553 894 Sierningom
1569 826 1626 895 ⁴¹).
1668 825 1788 897 [„T
1781 828 2068 880 radimus
2107 834 2310 881 autem
2368 834 2427 882 et
2473 830 2651 882 deca-

355 920 524 972 niam
600 918 968 972 Sclauorum
1046 931 1183 969 cum
1253 921 1436 983 opere
1486 914 1704 982 fiscali
1754 931 1864 968 seu
1917 918 2147 970 tributo
2203 914 2428 983 iusto⁵J,
2483 918 2654 985 quod

354 1010 530 1062 nobis
570 1012 754 1060 antea
787 1006 1071 1074 persolui
1109 1009 1578 1070 consueuerant,
1618 1005 1730 1057 hos
1769 1020 1984 1058 omnes
2018 1007 2335 1072 predictos
2378 1006 2651 1073 Sclauos,

353 1111 510 1165 quos
546 1098 659 1148 sub
701 1094 841 1147 illos
881 1099 1124 1147 actores
1161 1098 1322 1159 sunt,
1363 1094 1469 1160 qui
1493 1098 1808 1145 uocantur
1843 1093 2058 1161 Talivp
2087 1099 2146 1147 et
2170 1094 2467 1162 Sparuna
2495 1110 2652 1163 quos

355 1185 536 1253 infra
576 1185 908 1236 terminum
950 1188 1171 1248 manet,
1226 1197 1342 1249 que
1393 1183 1754 1234 coniurauit
1806 1182 1906 1234 ille
1941 1183 2166 1250 jopan‚
2225 1185 2330 1251 qui
2386 1189 2656 1237 uocatur

352 1275 608 1341 Physso,
658 1277 714 1324 et
751 1272 1061 1324 conduxit
1090 1276 1213 1338 per
1241 1286 1478 1338 gyrum
1521 1270 1662 1323 illos
1702 1272 2096 1324 nominantes
2135 1272 2334 1325 Fater
2371 1274 2649 1326 abbatem

353 1369 413 1416 et
449 1363 955 1429 archipresbyter
992 1365 1050 1413 et
1074 1359 1452 1426 Chunipreht
1466 1360 1671 1425 iudex
1711 1365 1770 1412 et
1798 1359 2080 1413 Hleodro
2121 1375 2323 1413 comes
2362 1367 2418 1414 et
2447 1361 2654 1414 Kern-

344 1453 537 1520 preht
572 1451 727 1503 iussi
766 1465 805 1501 a
845 1464 1086 1501 summo
1122 1449 1406 1516 principe
1454 1447 1773 1500 Tassilone
1835 1446 2101 1515 definire
2140 1450 2557 1504 decreuerunt
2591 1455 2652 1504 et

354 1541 689 1594 terminum
725 1543 1088 1606 posuerunt,
1129 1542 1322 1590 totum
1365 1542 1423 1589 et
1459 1538 1771 1604 integrum
1812 1539 1899 1589 ad
1937 1553 2072 1590 eum
2110 1540 2424 1592 tradimus
2450 1539 2650 1592 locum

353 1634 414 1682 et
448 1628 633 1681 XXX
669 1627 929 1680 Sclauos
967 1628 1054 1679 ad
1100 1626 1154 1678 T
1148 1627 1367 1679 odicha
1408 1640 1544 1677 cum
1587 1631 1771 1693 opere
1810 1624 2015 1690 fiscali
2052 1642 2162 1680 seu
2202 1629 2433 1681 tributo
2473 1629 2652 1682 iusto.

367 1718 704 1772 Tradimus
754 1722 956 1770 autem
1015 1722 1073 1769 et
1121 1722 1374 1778 terram,
1432 1731 1618 1784 quam
1675 1717 1767 1768 illi
1824 1715 2034 1768 Sclaui
2085 1716 2312 1770 cultam
2354 1716 2656 1784 fecerant

350 1808 489 1860 sine
539 1821 844 1859 consensu
897 1811 1115 1859 nostro
1165 1804 1345 1867 infra
1386 1808 1492 1873 qui
1531 1811 1798 1858 uocatur
1821 1804 2010 1872 forst
2045 1807 2132 1857 ad
2164 1805 2218 1857 T
2211 1806 2432 1858 odicha
2473 1811 2532 1859 et
2567 1806 2655 1859 ad

359 1892 718 1965 Sirnicha.⁰]
760 1925 830 1932 —
869 1895 1014 1948 Tudi
1053 1896 1238 1962 podeli
1277 1894 1471 1948 Tasilo
1512 1902 1832 1948 samostanu
1872 1895 2036 1960 svojo
2075 1910 2176 1948 vas
2201 1895 2462 1949 Alkoven
2506 1893 2652 1966 [„ad

353 1985 542 2038 vilam
576 1985 890 2053 publicam
931 1988 1388 2050 nuncupantem
1440 1980 1916 2053 Allinchofa“]⁰)
1966 1999 1996 2036 z
2052 1985 2227 2037 vsemi
2267 1985 2646 2052 priteklinami

354 2089 419 2126 za
452 2058 592 2126 'tako
632 2073 803 2140 dolgo
842 2071 988 2141 basa,
1026 2073 1228 2125 dokler
1266 2088 1295 2124 z
1335 2071 1709 2138 dovoljenjem
1747 2074 2061 2140 ondotnega
2101 2078 2263 2141 opata
2292 2075 2348 2125 in
2389 2072 2651 2141 njegovih

353 2164 552 2215 bratov
591 2177 660 2215 ne
714 2160 961 2226 zamenja
1013 2169 1066 2214 te
1118 2161 1239 2214 vasi
1290 2177 1355 2214 za
1407 2161 1563 2214 kako
1623 2164 1814 2229 drugO.
1872 2161 2060 2214 Potem
2116 2176 2206 2215 mu
2261 2163 2509 2230 prepusti
2562 2162 2649 2231 pri

354 2250 721 2304 Pettenbachu
764 2247 1209 2321 [„Petinpach“]
1229 2247 1267 2313 ⁷)
1308 2252 1484 2317 gozde
1524 2250 1581 2302 in
1628 2249 1900 2319 travnike,
1940 2250 2122 2303 kateri
2155 2266 2215 2304 se
2254 2250 2653 2319 razprostirajo

352 2340 425 2392 od
466 2339 748 2409 studen0a‚
793 2338 1259 2409 ‚7vafinprvnno“
1304 2340 1720 2407 imenovanega,
1773 2341 1847 2392 do
1898 2339 2033 2392 reke
2083 2340 2210 2393 Alm
2259 2336 2652 2411 [„Albina“]'³)

352 2460 551 2514 {up-ana,
585 2460 724 2512 begar
754 2457 846 2501 ime
879 2458 919 2501 si
953 2457 1053 2501 tudi
1085 2469 1145 2501 ne
1177 2469 1360 2502 smemo
1392 2458 1619 2502 tolmaeiti
1653 2458 1695 2501 iz
1726 2458 1982 2515 nemseine,
2014 2457 2132 2513 kajti
2164 2459 2270 2502 med
2295 2458 2459 2502 Nemci
2481 2459 2528 2502 ni
2554 2458 2652 2504 bilo

354 2532 512 2575 takrat
565 2531 853 2587 „iupanov“.
902 2531 950 2574 Iz
997 2543 1144 2586 vsega
1193 2532 1240 2575 bi
1283 2533 1402 2586 torej
1454 2532 1590 2575 smeli
1638 2532 1860 2587 sklepati,
1906 2533 1964 2576 da
1996 2532 2218 2576 Slovenci
2265 2546 2295 2575 v
2328 2532 2557 2577 Dietachu
2605 2533 2652 2578 in

354 2605 605 2659 Sierningu
646 2618 702 2649 so
746 2605 827 2649 bili
871 2606 997 2662 proti
1041 2606 1201 2649 koncu
1242 2618 1436 2661 osmega
1479 2606 1670 2661 stoletja
1702 2608 1789 2661 pac
1822 2606 2043 2662 podloini
2077 2607 2403 2651 bavarskemu
2435 2607 2651 2663 vojvodu

352 2678 533 2736 TasHu,
566 2679 768 2734 drugaee
800 2691 860 2735 pa
892 2692 949 2723 so
983 2680 1108 2724 imeli
1141 2680 1434 2736 popolnoma
1466 2683 1609 2736 svojo
1642 2693 1841 2736 upravo.

538 2753 568 2809 ¹)
599 2753 827 2797 Prvikrat
859 2765 912 2797 se
943 2760 993 2797 tu
1026 2756 1214 2809 omenja
1246 2754 1498 2798 slovenski
1530 2757 1695 2810 iupan.
1732 2754 1868 2798 Tako
1900 2754 1992 2799 ime
2024 2755 2117 2799 ima
2149 2756 2221 2811 pri
2247 2754 2478 2800 Slovanih
2511 2756 2644 2812 pred-

356 2827 540 2882 stojnik
571 2829 697 2872 kake
730 2828 897 2872 obdine
929 2828 990 2872 ali
1023 2841 1083 2884 pa
1115 2829 1241 2872 kake
1272 2830 1535 2885 pokrajine.

533 2901 566 2957 ²)
596 2902 793 2946 Dietach
825 2904 877 2957 je
918 2915 1007 2946 vas
1049 2915 1108 2946 na
1141 2903 1402 2957 Gorenjem
1432 2903 1758 2957 Avstrijskem
1800 2903 1862 2948 od
1894 2908 2044 2947 mesta
2076 2903 2270 2962 Steyera
2302 2904 2427 2959 proti
2460 2916 2649 2949 severu.

534 2976 571 3027 ’)
603 2977 704 3020 Vsa
735 2977 1030 3021 neobdelana
1061 2977 1243 3035 zemlja,
1275 2978 1370 3021 ako
1403 2978 1452 3021 ni
1485 2978 1579 3022 bula
1600 2978 1807 3022 lastnina
1828 2977 2135 3034 posameznih
2159 2978 2276 3033 ljudi
2308 2977 2370 3021 ali
2403 2990 2463 3033 pa
2495 2978 2650 3035 obdin,

345 3052 401 3105 je
432 3051 679 3106 pripadala
710 3051 870 3105 kralju
902 3051 1130 3107 (oziroma
1162 3052 1293 3107 tukaj
1329 3051 1576 3106 vojvodu).
1610 3052 1746 3096 Kdor
1775 3064 1829 3096 se
1853 3054 1906 3107 je
1929 3052 2058 3096 hotel
2079 3064 2140 3095 na
2162 3053 2260 3096 taki
2286 3052 2441 3108 zemlji
2462 3051 2651 3096 naseliti

351 3125 416 3168 ali
448 3137 508 3181 pa
533 3127 588 3181 jo
622 3125 909 3180 obdelovati‚
935 3127 986 3180 je
1018 3126 1170 3170 moral
1195 3126 1321 3170 imeti
1347 3125 1623 3181 dovoljenje
1646 3127 1708 3170 od
1730 3126 1886 3182 kralja
1908 3126 2136 3182 (oziroma
2159 3127 2291 3182 tukaj
2317 3127 2378 3170 od
2402 3125 2645 3182 vojvoda).

355 3199 539 3256 (Waitz,
572 3199 811 3243 Deutsche
845 3199 1455 3257 Verfassungsgeschichte,
1488 3200 1555 3243 IV
1587 3201 1739 3256 (1861)
1772 3205 1856 3245 Str.
1888 3203 1987 3255 115,
2022 3203 2140 3255 116.)
2172 3200 2245 3244 Tu
2277 3200 2469 3257 vidimo,
2501 3201 2560 3244 da
2592 3211 2650 3244 so

351 3272 576 3317 Slovenci
608 3273 719 3317 brez
749 3273 1089 3329 vojvodovega
1120 3274 1395 3330 dovoljenja
1427 3273 1571 3317 zaeeli
1603 3274 1760 3318 trebiti
1791 3275 1962 3329 zemljo
1994 3288 2026 3319 v
2057 3275 2226 3331 gozdu,
2267 3274 2318 3318 ki
2352 3276 2404 3330 je
2444 3274 2511 3318 bil
2542 3274 2650 3318 med

353 3346 632 3390 Dietachom
666 3347 714 3390 in
746 3346 1059 3402 Sierningom.

533 3419 567 3475 ⁴)
600 3421 818 3476 Sierning
851 3422 895 3475 je
926 3434 1015 3466 vas
1047 3423 1108 3466 od
1139 3423 1335 3481 Steyera
1367 3423 1492 3479 proti
1522 3423 1720 3467 zahodu.

534 3494 567 3546 5)
604 3494 749 3550 „Cum
782 3507 926 3551 opere
958 3496 1108 3539 fiscali
1138 3502 1184 3540 et
1204 3496 1382 3540 tributo
1404 3496 1574 3541 iusto.“
1603 3521 1656 3527 —-
1681 3497 2022 3552 Podjarmljeni
2044 3497 2241 3542 Slovani
2272 3510 2329 3541 so
2361 3509 2419 3542 na
2455 3497 2649 3552 mnogih

352 3568 515 3623 krajih
547 3570 702 3613 vsako
735 3570 831 3613 leto
863 3570 1032 3613 morali
1064 3570 1352 3625 odrajtovati
1382 3571 1510 3614 neko
1542 3571 1787 3614 davsseino.
1827 3571 1991 3615 katera
2023 3583 2077 3615 se
2100 3573 2153 3626 je
2183 3572 2318 3615 zvala
2356 3571 2648 3628 „tributum“.

354 3641 430 3685 Da
462 3647 504 3685 ta
541 3643 767 3687 davffieina
799 3657 830 3687 v
861 3648 955 3687 tem
987 3644 1189 3699 slueaju‚
1222 3656 1251 3687 0
1283 3645 1496 3688 katerem
1528 3645 1700 3699 govori
1730 3650 1777 3688 ta
1809 3645 1985 3702 listina,
2016 3646 2065 3688 ni
2096 3645 2192 3690 bila
2224 3647 2442 3701 posebno
2474 3645 2648 3698 velika,

352 3729 465 3759 nam
512 3718 629 3761 kaie
675 3719 851 3762 beseda
906 3717 1100 3774 „iusto“.
1147 3719 1191 3762 K
1238 3720 1298 3773 tej
1346 3719 1561 3763 davffieini
1586 3721 1638 3774 je
1669 3724 1782 3762 nato
1813 3719 1958 3775 prisla
1994 3720 2047 3764 §e
2078 3720 2242 3778 druga,
2273 3722 2463 3764 namt-ed
2499 3733 2649 3776 ‚opus

354 3791 562 3836 fiscale“.
609 3792 681 3835 To
714 3804 771 3835 so
803 3792 886 3835 bili
919 3792 1015 3835 tisti
1049 3793 1209 3844 davki,
1256 3793 1420 3851 katere
1449 3795 1496 3848 je
1528 3793 1626 3836 bilo
1658 3794 1792 3837 treba
1824 3807 1856 3838 v
1887 3794 2045 3838 tistem
2077 3796 2193 3838 Casu
2223 3794 2382 3851 dajati‚
2428 3794 2476 3838 in
2508 3805 2648 3838 razne

353 3863 605 3922 εΙυΞηοετί,
636 3866 799 3910 katere
831 3878 888 3912 so
921 3866 1090 3910 morali
1121 3866 1398 3922 podloiniki
1428 3867 1699 3911 izvrssevati.

538 3939 571 3991 ⁸)
603 3940 828 3983 Alkoven
860 3952 912 3984 se
943 3952 1061 3984 zove
1090 3941 1214 3984 neka
1246 3952 1336 3984 vas
1367 3941 1429 3984 od
1462 3941 1606 3984 Linza
1637 3940 1764 3996 proti
1796 3941 1994 3984 zahodu.

535 4012 569 4066 ⁷)
603 4014 893 4057 Pettenbach
918 4015 971 4068 je
1002 4026 1092 4058 vas
1123 4015 1185 4057 od
1217 4014 1608 4058 Kremsmiinstra
1639 4014 1765 4070 proti
1789 4015 2112 4069 judozahodu.

540 4087 573 4142 ¹¹)
606 4087 774 4131 Reeica
807 4088 931 4144 Alm‚
964 4088 1113 4132 dotok
1145 4088 1260 4132 reke
1292 4088 1496 4145 Travne,
1528 4100 1582 4132 se
1612 4087 1784 4143 nahaja
1816 4088 1877 4131 od
1910 4089 2227 4132 Pettenbacha
2259 4089 2488 4133 nekoliko
2523 4090 2647 4146 proti

354 4159 557 4203 zahodu.
