2872 4504
1237 252 1304 307 st.
1337 267 1438 319 164,
1470 265 1570 307 165.
2460 263 2545 303 209

239 439 505 502 receperit.
544 436 873 504 Dagobertus
916 439 1045 488 iobit
1085 457 1174 488 eos
1217 441 1554 489 iaemandum
1594 438 1934 488 Badowarius
1974 437 2217 501 recipere,
2247 437 2544 485 dummodo

242 525 587 590 pertractabat
627 541 744 574 cum
801 525 1026 585 Francis,
1069 529 1197 594 quid
1238 530 1421 577 exinde
1475 527 1621 579 fierit.
1680 525 1928 592 Cumque
1969 524 2184 590 dispersi
2225 539 2318 589 per
2356 525 2548 573 domus

240 612 606 662 Baioariorum
668 614 732 661 ad
791 612 1151 682 hyemandum
1214 616 1449 679 fuissent,
1505 617 1784 665 consilium
1840 612 2164 665 Francorum
2218 612 2546 678 Dagobertus

240 700 495 751 Baioariis
546 702 704 759 iobet‚
761 714 819 752 ut
869 703 1124 770 Bulgarus
1181 707 1298 754 illus
1355 722 1474 755 curn
1530 707 1814 754 uxoriset
1863 703 2034 751 liberis
2090 704 2456 768 unusquisque
2497 705 2547 749 in

239 791 464 839 domum
505 807 657 839 suam
699 808 803 840 una
832 803 983 841 nocte
1012 793 1280 843 Baiuariae
1323 792 1670 845 interficerint.
1714 791 1876 852 Quod
1916 793 2157 858 protinus
2200 807 2227 839 a
2252 790 2550 839 Baiovaries

242 890 318 928 est
346 878 647 945 impletum;
689 895 783 928 nec
813 883 1095 948 quisquam
1125 899 1186 931 ex
1214 883 1311 932 illis
1337 885 1585 931 remansit
1614 881 1865 947 Bulgaris,
1894 883 1990 929 nisi
2015 890 2218 930 tantum
2248 877 2548 942 Alciocus¹)

242 983 361 1017 cum
404 970 730 1033 septinientis
759 971 878 1017 viris
906 981 954 1018 et
982 974 1157 1019 uxoris
1185 988 1307 1020 cum
1334 972 1520 1031 liberis,
1562 973 1653 1038 qui
1695 974 1746 1018 in
1789 984 2012 1019 marca
2053 965 2548 1034 Vinedorum²)

239 1057 465 1106 salvatus
507 1068 596 1109 est.
639 1049 763 1106 Post
800 1056 928 1107 haec
957 1075 1077 1108 cum
1107 1059 1413 1110 Wallucum
1429 1057 1470 1128 ³)
1498 1060 1688 1109 ducem
1717 1058 2074 1108 Winedorum
2118 1060 2265 1106 annis
2310 1058 2550 1123 plurimis

239 1147 363 1195 vixit
404 1162 526 1195 cum
569 1144 723 1197 suiS.“

416 1234 584 1284 Pauli
615 1236 846 1285 diaconi
873 1236 1135 1288 Historia
1167 1238 1440 1302 Langob.,
1469 1236 1529 1303 V,
1555 1253 1596 1289 c.
1624 1251 1689 1302 29
1717 1235 1859 1300 (MG.
1890 1235 1975 1287 SS.
2006 1251 2099 1286 rer.
2128 1236 2379 1304 Langob.‚
2414 1238 2550 1300 154}:

251 1322 382 1390 „Per
420 1322 548 1372 haec
588 1321 884 1392 tempora²)
926 1324 1217 1391 Vulgarum
1272 1327 1378 1374 dux
1434 1327 1627 1375 Alzeco
1682 1328 1914 1395 nomine,
1966 1328 2221 1375 incertum
2263 1342 2424 1391 quam
2483 1325 2550 1373 ob

241 1429 469 1481 causam,
521 1429 550 1462 a
604 1429 698 1461 sua
755 1425 906 1480 gente
967 1414 1243 1482 digressus,
1298 1414 1498 1463 Italiam
1553 1412 1765 1480 pacifice
1807 1416 2072 1475 introiens,
2115 1430 2234 1463 cum
2280 1417 2425 1462 omni
2467 1416 2547 1462 sui

240 1503 460 1551 ducatus
502 1504 726 1551 exercitu
769 1503 832 1551 ad
873 1518 1050 1570 regem
1092 1501 1365 1552 Grimuald
1406 1506 1560 1571 venit,
1617 1508 1661 1552 ei
1703 1520 1756 1552 se
1797 1506 2107 1553 serviturum
2151 1514 2308 1570 atque
2349 1505 2399 1551 in
2443 1505 2553 1552 eius

240 1591 404 1656 patria
445 1588 798 1639 habitaturum
829 1595 1156 1657 promittens,
1197 1591 1374 1652 Quem
1398 1579 1481 1641 ille
1511 1593 1575 1640 ad
1598 1591 1963 1641 Romualdum
1994 1590 2550 1641 filium-Beneventum

243 1680 487 1745 dirigens,
545 1689 603 1728 ut
661 1682 706 1727 ei
763 1696 882 1729 cum
940 1697 1038 1729 suo
1095 1681 1300 1747 populo
1349 1681 1464 1730 loca
1506 1682 1569 1729 ad
1610 1680 1953 1730 habitandum
1989 1682 2281 1753 'concedere
2322 1681 2547 1739 deberet,

242 1769 521 1834 praecepit.
585 1767 737 1828 Quos
794 1768 1127 1818 Romualdus
1180 1770 1287 1818 dux
1339 1780 1598 1835 gratanter
1650 1772 1926 1836 excipiens,
1982 1770 2179 1818 eisdem
2219 1772 2447 1836 spatiosa
2488 1771 2551 1819 ad

240 1855 582 1906 habitandum
624 1857 759 1916 loca,
803 1874 937 1925 quae
980 1875 1147 1925 usque
1201 1859 1262 1906 ad
1322 1858 1453 1907 illud
1505 1869 1716 1923 tempus
1773 1858 1973 1908 deserta
2030 1870 2189 1923 erant,
2253 1860 2550 1920 contribuit,

242 1945 437 1994 scilicet
476 1944 749 2010 Sepinum‚
793 1945 1091 1996 Bovianum
1132 1957 1181 1996 et
1221 1946 1470 1996 Iserniam
1497 1959 1546 1996 et
1571 1948 1694 1996 alias
1723 1964 1843 1997 cum
1874 1951 1980 1997 suis
2006 1951 2272 1997 territoriis
2307 1951 2551 2007 civitates,

249 2036 534 2101 ipsumque
574 2033 924 2103 Alzeconem‚
965 2046 1168 2085 mutato
1211 2036 1474 2103 dignitatis
1515 2039 1746 2096 nomine,
1789 2037 1852 2085 de
1895 2039 2027 2087 duce
2069 2038 2380 2102 gastaldium
2414 2040 2551 2087 voci-

243 2125 335 2172 tari
378 2126 657 2188 praecepit.
701 2123 807 2183 Qui
851 2141 1019 2191 usque
1048 2120 1261 2193 hodie⁵)
1303 2128 1353 2173 in
1396 2124 1474 2173 his
1517 2136 1574 2174 ut
1599 2125 1825 2174 diximus
1854 2116 1983 2175 locis
2007 2124 2313 2187 habitantes,
2361 2143 2549 2193 quam-

242 2228 404 2279 quam
446 2223 496 2261 et
521 2212 703 2262 Latine
742 2214 1044 2282 loquantur,
1071 2215 1280 2281 linguae
1308 2225 1483 2264 tamen
1514 2217 1755 2281 propriae
1785 2232 1942 2264 usum
1969 2208 2185 2264 minime
2214 2218 2548 2264 amiserunt.“

1237 2453 1350 2540 st.
1407 2471 1567 2540 165.

422 2565 562 2623 632.

420 2654 507 2709 Ko
561 2654 617 2722 je
674 2655 1014 2711 frankovski
1072 2656 1217 2723 kralj
1278 2654 1560 2726 Dagobe'rt
1585 2658 1624 2711 1.
1651 2658 1860 2726 zvedel‚
1917 2661 1987 2712 da
2034 2658 2091 2726 je
2138 2659 2556 2714 slovanska

243 2758 332 2797 vo
344 2741 575 2815 jska⁶)
614 2746 852 2814 napadla
892 2745 1204 2814 Turingijo,
1243 2745 1298 2812 je
1336 2747 1531 2800 nabral
1571 2747 1758 2800 velike
1807 2753 1983 2800 trume
2022 2763 2096 2816 po
2134 2748 2435 2816 Avstraziji
2473 2756 2557 2803 ter

246 2846 308 2885 se
347 2831 378 2885 i
415 2831 574 2899 njimi
613 2835 826 2902 napotil
866 2833 916 2887 iz
956 2835 1136 2888 Metza
1177 2834 1272 2888 dez
1311 2836 1530 2889 Ardene
1570 2851 1606 2888 v
1644 2836 1844 2902 Mainz,
1885 2838 1955 2890 da
1993 2837 2050 2890 bi
2091 2843 2145 2890 tu
2187 2838 2270 2892 sel
2304 2837 2398 2892 &ez
2423 2839 2556 2892 Ren.

244 2920 363 2974 Pod
418 2920 573 2989 seboj
629 2921 684 2988 je
730 2924 861 2977 imel
915 2925 1032 2976 tudi
1087 2924 1328 2978 oddelek
1365 2926 1594 2978 hrabrih
1634 2924 1898 2995 vojakov,
1950 2925 2011 2979 ki
2050 2942 2117 2980 so
2155 2927 2255 2980 bili
2294 2928 2456 2996 prisii
2506 2930 2556 2981 iz

428 3067 462 3124 ¹)
494 3069 653 3114 Razen
685 3070 840 3115 imena
873 3071 1102 3117 Aleiocus
1133 3084 1187 3117 se
1209 3087 1241 3117 v
1262 3073 1517 3130 rokopisih
1540 3074 1641 3119 tudi
1665 3074 1886 3131 nahajajo
1909 3075 2106 3120 inadiee:
2131 3076 2335 3134 Altiaus,
2356 3056 2555 3132 Alticus,

247 3141 465 3187 Alticcus
496 3143 545 3187 in
577 3143 805 3188 Alticeus.

430 3216 463 3273 ²)
494 3217 571 3262 Tu
602 3221 854 3275 omenjena
890 3233 1076 3271 „marca
1108 3219 1427 3265 Vinedorum“
1457 3224 1509 3277 je
1541 3222 1807 3267 slovenska
1854 3223 2162 3279 Karantanija
2199 3225 2247 3268 in
2284 3225 2557 3281 „Wallucus

247 3288 343 3333 dux
375 3290 716 3336 Winedorum“
743 3295 795 3348 je
827 3295 1041 3349 vojvoda
1074 3294 1307 3339 ondotnih
1340 3295 1621 3340 Sloveneev.
1656 3296 1729 3340 Da
1743 3299 1796 3352 je
1817 3303 1866 3341 to
1888 3309 1980 3347 res,
2004 3298 2178 3342 imamo
2201 3301 2288 3343 vec
2311 3299 2554 3354 razlogov.

247 3361 373 3407 Tisti
404 3364 613 3422 Bolgari‚
645 3367 697 3410 ki
728 3379 787 3411 so
818 3369 989 3412 morali
1032 3369 1252 3424 zapustiti
1300 3370 1483 3414 obrsko
1525 3370 1698 3425 zemljo
1730 3371 1778 3414 in
1811 3377 1971 3427 potem
2001 3372 2153 3416 beiati
2185 3373 2225 3415 iz
2257 3373 2557 3418 frankovske

249 3436 440 3492 driave,
471 3451 529 3482 so
561 3440 709 3496 mogli
742 3441 890 3486 dobiti
924 3444 1106 3498 zavetje
1139 3456 1171 3486 v
1203 3443 1302 3487 taki
1334 3444 1495 3501 defien,
1527 3444 1694 3488 katera
1718 3447 1770 3500 je
1801 3445 1896 3489 bila
1930 3446 1991 3490 od
2025 3446 2194 3491 Obrov
2224 3446 2274 3490 in
2309 3447 2555 3491 Bavarcev

247 3511 505 3557 nezavisna
535 3512 585 3556 in
618 3515 758 3570 begar
789 3516 1048 3571 prebivalci
1082 3528 1139 3560 so
1172 3517 1271 3561 tudi
1304 3517 1387 3560 bili
1420 3518 1587 3561 obema
1620 3523 1743 3562 tema
1775 3520 2036 3565 narodoma
2069 3521 2306 3564 sovraini.
2354 3521 2556 3565 Doticna

249 3583 410 3629 deiela
433 3588 485 3642 je
516 3589 698 3632 morala
731 3591 881 3644 segati
914 3593 975 3634 do
1008 3591 1250 3635 bavarske
1282 3592 1404 3645 meje
1436 3591 1484 3635 in
1517 3592 1578 3635 do
1611 3592 1776 3647 Italije.
1811 3593 1945 3638 Taka
1978 3594 2137 3638 deiela
2162 3596 2214 3649 je
2245 3595 2339 3639 bila
2371 3596 2556 3640 Karan-

251 3658 413 3713 tanija.
446 3660 542 3715 (Gl.
568 3662 827 3720 Kaemmel‚
859 3665 1073 3719 Anfiinge
1106 3665 1364 3709 deutschen
1399 3665 1586 3710 Lebens
1618 3667 1665 3709 in
1699 3656 1985 3726 Osterreieh‚
2018 3674 2101 3713 str.
2128 3675 2226 3727 185,
2259 3683 2335 3726 op.
2359 3669 2418 3726 2.)

430 3733 462 3782 ἰ
496 3735 539 3777 V
570 3737 819 3781 nekaterih
851 3738 1105 3794 rokopisih
1138 3751 1191 3782 se
1235 3739 1459 3794 nahajajo
1503 3740 1663 3784 izrazi:
1707 3741 1939 3793 Walluco,
1983 3743 2214 3787 Walduco
2256 3744 2306 3788 in
2338 3742 2556 3789 valduco

427 3806 462 3862 ⁴)
495 3808 644 3853 Pavel
676 3810 878 3865 dijakon
911 3813 1227 3868 pripoveduje
1260 3818 1309 3856 to
1343 3814 1450 3856 med
1482 3814 1685 3869 drugimi
1718 3815 2020 3873 dogodbami,
2054 3817 2216 3862 katere
2239 3830 2297 3861 so
2333 3830 2387 3862 se
2409 3819 2558 3862 vrSile

251 3879 386 3923 okoli
417 3880 511 3925 leta
543 3887 644 3927 663

432 3952 464 4010 ⁸)
496 3955 645 4001 Pavel
697 3958 895 4013 dijakon
936 3961 988 4014 je
1034 3959 1185 4015 spisal
1235 3960 1505 4014 zgodovino
1553 3961 1715 4015 svojih
1756 3963 1962 4018 rojakov
1995 3964 2118 4019 proti
2150 3965 2310 4027 koncu
2356 3967 2555 4020 svoj<=ga

253 4025 478 4082 Zivljenja
509 4031 702 4085 najbrie
735 4032 868 4076 okoli
903 4032 995 4076 leta
1029 4039 1142 4090 790.,
1174 4033 1239 4077 ko
1265 4035 1316 4088 je
1348 4034 1478 4077 bival
1511 4048 1542 4077 v
1575 4037 2007 4081 montecasinskem
2049 4046 2341 4083 samostanu.
2394 4040 2557 4083 Monte

254 4097 435 4144 Casino
466 4102 515 4145 ni
547 4104 766 4158 posebno
800 4106 1054 4160 oddaljeno
1088 4108 1149 4150 od
1182 4107 1381 4162 Isernije
1413 4108 1458 4150 in
1494 4107 1662 4163 drugih
1696 4111 1796 4164 prej
1832 4112 2111 4166 omonjenih
2134 4118 2268 4157 mest

432 4173 464 4230 ‘)
499 4176 704 4221 Namree
737 4178 1005 4223 slovanska
1038 4182 1229 4238 vojska,
1261 4181 1414 4224 kateri
1439 4182 1492 4235 je
1525 4182 1761 4227 ukazoval
1793 4183 1915 4241 kralj
1951 4184 2109 4231 Samo.

2323 4280 2378 4321 19
