2872 4504
1193 216 1259 282 ἔτ.
1292 240 1394 292 295,
1426 240 1526 282 296.
2436 241 2521 280 329

219 415 432 461 veniens
485 428 605 462 cum
663 414 944 463 comitibus
998 417 1135 475 suis3
1189 431 1347 481 quem
1403 415 1634 463 domnus
1690 428 1776 461 rex
1827 409 2116 462 honorifice
2172 417 2416 478 suscepit,
2476 425 2525 463 et

219 501 478 566 baptizare
533 503 698 566 iussit,
757 512 807 551 et
846 518 935 550 eos
977 504 1067 569 qui
1109 518 1231 551 cum
1273 518 1336 550 eo
1379 513 1647 559 venerunt,
1706 512 1756 550 et
1811 516 1933 550 cum
1991 517 2185 567 magno
2231 499 2433 550 honore
2475 513 2524 551 et

218 589 373 638 donis
413 606 535 638 eum
565 605 794 638 remeare
836 588 956 639 fecit
996 591 1058 638 ad
1100 591 1358 655 probria.“

395 693 544 743 Ann.
573 693 763 743 Alam.
805 694 870 742 ad
910 710 954 745 3.
979 709 1081 759 795
1128 691 1290 762 (ibid.,
1330 693 1367 756 Ι,
1407 691 1522 762 47);
1583 693 1682 753 „Et
1728 692 1966 742 Rotanus
2007 691 2114 740 dux
2153 691 2215 739 de
2258 691 2527 740 Pannonia

216 782 361 829 venit
413 780 479 828 ad
536 781 791 830 Karolum
846 797 1020 849 regem
1075 783 1139 830 ad
1179 781 1369 838 Achas‚
1426 795 1475 831 et
1527 799 1581 831 se
1622 785 1795 848 ipsum
1837 781 1980 830 dedit
2018 791 2068 829 et
2106 781 2325 846 patriam
2366 797 2526 847 quam

222 866 462 928 habebat,
505 880 555 917 et
595 871 705 934 ipse
747 870 1036 936 baptizatus
1075 882 1151 919 est
1191 883 1240 920 et
1282 888 1466 920 omnes
1507 874 1598 939 qui
1640 887 1759 921 cum
1803 887 1866 920 eo
1908 879 2169 928 venerant,
2212 879 2262 918 et
2295 884 2529 920 reversus

219 970 296 1006 est
336 973 457 1007 cum
500 973 627 1022 pace
668 969 717 1005 et
755 957 959 1007 honore
1002 962 1051 1007 in
1095 963 1311 1024 patriam
1358 968 1555 1012 suam.“

397 1061 550 1113 Ann.
577 1062 789 1125 Alam„
832 1064 956 1114 cod.
982 1062 1119 1114 Mod
1164 1068 1223 1114 et
1250 1063 1467 1116 Veron.
1495 1065 1558 1113 ad
1599 1080 1645 1118 3,
1667 1079 1771 1131 795
1816 1062 1975 1133 (ibid.,
2015 1062 2051 1122 1,
2093 1060 2212 1130 47):
2257 1104 2285 1132 „
2328 1103 2341 1115 .
2379 1103 2394 1116 .
2430 1102 2442 1114 .
2483 1074 2533 1112 et

220 1147 457 1198 Zotanns
497 1150 603 1198 dux
643 1150 706 1198 de
752 1150 1020 1200 Pannonia
1061 1154 1203 1201 venit
1252 1153 1317 1201 ad
1376 1153 1650 1216 Karolum,
1705 1169 1760 1202 se
1806 1155 1979 1219 ipsum
2022 1152 2164 1201 dedit
2203 1162 2254 1201 et
2292 1154 2529 1218 patriam,

220 1249 270 1286 et
309 1239 600 1304 baptizatus
642 1237 765 1290 est.“

399 1342 547 1392 Ann.
576 1342 763 1395 Guelf.
789 1344 854 1392 ad
895 1360 938 1394 3.
970 1359 1073 1410 795
1117 1342 1280 1413 (ibid.,
1320 1343 1356 1413 1,
1394 1342 1522 1413 45):
1573 1344 1671 1402 „Et
1709 1355 1835 1394 tunc
1875 1344 2199 1394 tradiderunt
2222 1361 2276 1393 se
2308 1344 2456 1393 Huni
2484 1354 2534 1393 et

217 1428 437 1483 Zotan.“
2169 1446 2171 1448 ’

398 1534 551 1587 Ann.
582 1535 782 1587 Iuvav.
810 1537 943 1586 mai.
969 1536 1034 1584 ad
1062 1553 1107 1588 a.
1135 1536 1241 1603 796
1283 1535 1442 1606 (ibid.,
1467 1535 1504 1600 Ι,
1530 1536 1636 1603 87);
1683 1537 1899 1606 „Hunni
1929 1554 1983 1587 se
2009 1536 2336 1589 dediderunt.
2367 1535 2531 1586 Zotan

219 1623 510 1690 baptizatus
552 1621 675 1675 est.“

401 1727 552 1779 Ann.
578 1728 779 1779 Iuvav.
810 1730 932 1779 min
981 1729 1045 1777 ad
1075 1746 1118 1781 a.
1145 1744 1249 1795 795
1282 1728 1445 1798 (ibid.,
1473 1729 1507 1787 Ι,
1538 1727 1656 1798 89):
1703 1730 1883 1799 „Huni
1922 1747 1976 1780 se
2002 1730 2328 1782 dediderunt.
2369 1727 2534 1780 Zotan

221 1815 513 1882 baptizatus
555 1822 676 1868 est.“

395 1909 551 1973 Anu.
574 1921 828 1974 Lauriss,
854 1923 990 1974 min.
1017 1923 1080 1971 ad
1122 1939 1167 1972 a.
1198 1937 1263 1989 27
1307 1939 1409 1990 reg.
1438 1921 1558 1976 Car.
1585 1922 1677 1994 (=
1702 1938 1805 1990 795
1838 1941 1886 1989 p.
1913 1919 2058 1992 Chr)
2097 1920 2261 1994 (ibid.,
2305 1921 2341 1992 I,
2389 1923 2533 1988 119):

224 2008 546 2076 „Hunorum
590 2011 780 2077 legatio
823 2012 887 2059 ad
927 2027 1103 2078 regem
1132 2014 1344 2061 veniens
1384 2011 1657 2062 thesauros
1698 2013 1984 2082 adducunt,
2022 2029 2158 2081 quos
2199 2028 2287 2061 rex
2311 2012 2538 2061 obtima-

218 2099 357 2147 tibus
396 2101 504 2147 suis
545 2099 822 2166 distribuit,
862 2101 1060 2166 legatos
1101 2102 1240 2150 abire
1281 2103 1576 2167 permittit.“

400 2216 618 2270 Chron.
642 2219 842 2272 moiSS.
869 2219 933 2267 ad
974 2236 1018 2271 3.
1047 2235 1147 2285 795
1192 2218 1352 2288 (ibid,
1379 2219 1413 2288 1,
1442 2217 1593 2288 ⁴302):
1640 2219 1830 2288 „Tunc
1869 2220 1934 2269 ad
1976 2223 2145 2289 Aquis
2185 2220 2436 2286 palatium
2470 2219 2536 2268 de

223 2315 356 2354 terra
396 2309 693 2356 Avarorum
737 2308 945 2375 regulus
987 2309 1203 2376 quidam
1248 2311 1463 2358 nomine
1505 2308 1800 2359 Thodanus
1840 2309 1905 2359 ad
1946 2309 2207 2360 domnum
2251 2325 2427 2377 regem
2452 2325 2537 2358 ve·

222 2397 374 2444 niens
416 2411 534 2445 cum
578 2399 861 2446 comitibus
902 2399 1027 2462 suis,
1069 2414 1229 2465 quem
1272 2398 1505 2447 domnus
1544 2414 1633 2447 rex
1669 2396 1961 2449 honorifice
2001 2402 2244 2468 suscepit,
2283 2410 2334 2448 et
2372 2399 2539 2465 bapti-

217 2485 323 2534 zari
365 2486 529 2547 iussit,
569 2496 619 2534 et
659 2502 750 2535 eos
790 2489 882 2554 qui
924 2502 1047 2536 cum
1088 2503 1151 2536 eo
1193 2498 1464 2556 venerunt,
1504 2503 1624 2537 cum
1669 2504 1864 2555 magno
1904 2487 2108 2538 honore
2150 2499 2199 2537 et
2232 2489 2386 2538 donis
2413 2504 2538 2538 eum

217 2588 448 2622 remeare
489 2572 610 2624 fecit
648 2576 712 2624 ad
755 2578 1013 2642 propria.“

395 2692 548 2746 Ann.
576 2692 737 2745 Fuld.
763 2694 827 2742 ad
856 2711 899 2747 a.
925 2694 1031 2761 796
1073 2667 1232 2764 (ibid.,
1258 2694 1294 2755 1,
1325 2693 1475 2764 351):
1517 2694 1752 2757 „Tuduu
1780 2696 2069 2746 secundum
2100 2697 2537 2763 pollicitationem

214 2796 369 2830 suam
392 2797 512 2831 cum
532 2783 737 2848 populo
760 2799 858 2832 suo
884 2784 946 2833 ad
968 2800 1144 2852 regem
1161 2786 1390 2848 veniens,
1412 2786 1704 2851 baptizatus
1727 2796 1777 2835 et
1797 2783 2087 2836 honorifice
2111 2788 2359 2835 remissus
2382 2782 2532 2838 esst.“

395 2883 581 2937 Poeta
598 2885 755 2938 Saxo
777 2888 841 2936 ad
861 2904 904 2935 3.
919 2887 1043 2954 796,
1061 2888 1147 2939 lib.
1166 2887 1249 2955 ΙΙΙ,
1268 2905 1313 2940 v.
1332 2885 1923 2959 313—319(Jaffe,Bibl
1957 2905 2047 2940 rer.
2067 2887 2358 2957 Germ.,IV‚
2380 2886 2506 2957 584)
2524 2906 2534 2941 z

596 2989 771 3054 „Cum
814 3008 923 3059 quo
967 2995 1067 3041 iarn
1111 2992 1280 3041 dictus
1319 2990 1520 3042 Tudun
1561 3008 1779 3060 quoque
1820 3003 2031 3043 venerat
2071 2994 2211 3050 illuc,

594 3079 980 3149 Promissisque
1021 3078 1179 3130 fidem
1222 3083 1447 3148 propriis
1488 3080 1732 3131 adhibere
1773 3083 1981 3149 sategit;

354 3185 401 3217 v.
430 3183 550 3233 315.
590 3167 732 3219 Cum
773 3180 886 3219 toto
929 3174 1188 3220 comitum
1231 3186 1454 3219 numero
1497 3171 1754 3237 baptisma
1794 3186 2015 3220 suorum

591 3257 905 3325 percipiens,
950 3262 1104 3309 etiam
1149 3275 1240 3325 per
1280 3271 1601 3309 sacramenta
1642 3261 1948 3328 spopondit,

591 3344 659 3398 Se
702 3346 813 3397 fore
855 3349 1152 3398 subiectum
1193 3346 1403 3398 Francis
1442 3345 1718 3416 fidumque
1759 3364 1853 3415 per
1893 3365 2098 3401 aevum.

593 3435 694 3485 Sed
736 3447 1021 3504 postquam
1063 3437 1228 3504 rediit,
1268 3446 1478 3486 mutans
1518 3439 1776 3503 promissa
1818 3435 2102 3505 fidemque.

594 3522 843 3574 Perfidiae
884 3526 1050 3575 luerat
1090 3542 1251 3593 parvo
1294 3525 1413 3591 post
1454 3537 1692 3592 tempore
1734 3525 1982 3593 poenas.“

1149 3713 1158 3720 ’
1207 3749 1319 3837 St.
1362 3767 1546 3837 296.

396 3861 530 3921 798.

397 3967 611 4022 Alkuin
628 3969 746 4037 pise
759 3967 1155 4039 (ogleiskemu)
1172 3968 1456 4037 patriarhu
1475 3967 1707 4021 Pavlinu
1724 3966 2540 4039 [„Paulinopatriarchae“],

215 4057 291 4110 da
325 4055 382 4124 je
420 4072 496 4126 po
534 4057 798 4125 nositelju
824 4065 947 4126 tega
977 4059 1155 4126 pisma
1182 4056 1353 4125 prejel
1384 4058 1627 4124 nJ'egovo
1651 4056 1833 4125 pismo
1861 4058 1916 4111 in
1942 4057 2181 4126 njegova
2205 4058 2399 4122 darila‚
2434 4056 2539 4109 kar

216 4160 291 4214 ga
326 4145 382 4213 je
418 4145 556 4213 jako
595 4148 943 4202 razveselilo.
1003 4147 1159 4200 Prosi
1203 4161 1288 4213 ga,
1327 4147 1396 4197 da
1437 4145 1490 4197 bi
1532 4159 1594 4198 se
1632 4159 1703 4213 ga
1747 4148 1926 4200 vedno
1968 4161 2004 4197 v
2045 4146 2228 4213 svojih
2271 4146 2538 4200 molitvah
