<?xml version="1.0" encoding="UTF-8"?>
<!DOCTYPE html PUBLIC "-//W3C//DTD XHTML 1.0 Transitional//EN"
    "http://www.w3.org/TR/xhtml1/DTD/xhtml1-transitional.dtd">
<html xmlns="http://www.w3.org/1999/xhtml" xml:lang="en" lang="en">
 <head>
  <title>
</title>
<meta http-equiv="Content-Type" content="text/html;charset=utf-8" />
  <meta name='ocr-system' content='tesseract 3.04.00' />
  <meta name='ocr-capabilities' content='ocr_page ocr_carea ocr_par ocr_line ocrx_word'/>
</head>
<body>
  <div class='ocr_page' id='page_1' title='image "./gradivozazgodovi01kosmuoft_0400.png"; bbox 0 0 2872 4504; ppageno 0'>
   <div class='ocr_carea' id='block_1_1' title="bbox 327 193 1752 262">
    <p class='ocr_par' dir='ltr' id='par_1_1' title="bbox 327 193 1752 262">
     <span class='ocr_line' id='line_1_1' title="bbox 327 193 1752 262; baseline 0 -13"><span class='ocrx_word' id='word_1_1' title='bbox 327 209 413 249; x_wconf 87' lang='lat'>316</span> <span class='ocrx_word' id='word_1_2' title='bbox 1285 193 1351 249; x_wconf 69' lang='lat' dir='ltr'>St.</span> <span class='ocrx_word' id='word_1_3' title='bbox 1383 210 1484 262; x_wconf 88' lang='lat'>282,</span> <span class='ocrx_word' id='word_1_4' title='bbox 1518 210 1618 262; x_wconf 79' lang='lat'>283,</span> <span class='ocrx_word' id='word_1_5' title='bbox 1650 211 1752 250; x_wconf 81' lang='lat'>284.</span> 
     </span>
    </p>
   </div>
   <div class='ocr_carea' id='block_1_2' title="bbox 324 381 2630 876">
    <p class='ocr_par' dir='ltr' id='par_1_2' title="bbox 324 381 2630 876">
     <span class='ocr_line' id='line_1_2' title="bbox 503 381 2621 453; baseline 0.002 -22"><span class='ocrx_word' id='word_1_6' title='bbox 503 382 582 431; x_wconf 88' lang='lat' dir='ltr'>Da</span> <span class='ocrx_word' id='word_1_7' title='bbox 633 382 680 449; x_wconf 90' lang='lat' dir='ltr'>je</span> <span class='ocrx_word' id='word_1_8' title='bbox 737 383 806 431; x_wconf 94' lang='lat' dir='ltr'>bil</span> <span class='ocrx_word' id='word_1_9' title='bbox 849 381 1062 447; x_wconf 84' lang='lat' dir='ltr'>oglejski</span> <span class='ocrx_word' id='word_1_10' title='bbox 1117 381 1341 447; x_wconf 86' lang='lat' dir='ltr'>patriarh</span> <span class='ocrx_word' id='word_1_11' title='bbox 1400 381 1579 431; x_wconf 82' lang='lat' dir='ltr'>Pavlin</span> <span class='ocrx_word' id='word_1_12' title='bbox 1622 386 1699 448; x_wconf 92' lang='lat' dir='ltr'>pri</span> <span class='ocrx_word' id='word_1_13' title='bbox 1740 385 1911 433; x_wconf 89' lang='lat' dir='ltr'>sinodi</span> <span class='ocrx_word' id='word_1_14' title='bbox 1973 383 2233 453; x_wconf 60' lang='lat' dir='ltr'>navzoffi¹)‚</span> <span class='ocrx_word' id='word_1_15' title='bbox 2272 386 2319 452; x_wconf 91' lang='lat' dir='ltr'>je</span> <span class='ocrx_word' id='word_1_16' title='bbox 2374 387 2621 436; x_wconf 86' lang='lat' dir='ltr'>razvidno</span> 
     </span>
     <span class='ocr_line' id='line_1_3' title="bbox 327 469 2624 541; baseline 0.002 -22"><span class='ocrx_word' id='word_1_17' title='bbox 327 474 372 519; x_wconf 89' lang='lat' dir='ltr'>iz</span> <span class='ocrx_word' id='word_1_18' title='bbox 427 469 674 537; x_wconf 84' lang='lat' dir='ltr'>njegovih</span> <span class='ocrx_word' id='word_1_19' title='bbox 729 471 900 527; x_wconf 92' lang='lat' dir='ltr'>besed,</span> <span class='ocrx_word' id='word_1_20' title='bbox 954 469 1124 519; x_wconf 89' lang='lat' dir='ltr'>katere</span> <span class='ocrx_word' id='word_1_21' title='bbox 1165 470 1212 537; x_wconf 86' lang='lat' dir='ltr'>je</span> <span class='ocrx_word' id='word_1_22' title='bbox 1253 471 1451 541; x_wconf 78' lang='lat' dir='ltr'>napisal</span> <span class='ocrx_word' id='word_1_23' title='bbox 1491 488 1523 518; x_wconf 88' lang='lat' dir='ltr'>v</span> <span class='ocrx_word' id='word_1_24' title='bbox 1563 471 1695 535; x_wconf 83' lang='lat' dir='ltr'>svoji</span> <span class='ocrx_word' id='word_1_25' title='bbox 1737 475 1966 537; x_wconf 88' lang='lat' dir='ltr'>razpravi</span> <span class='ocrx_word' id='word_1_26' title='bbox 2009 477 2146 539; x_wconf 91' lang='lat' dir='ltr'>proti</span> <span class='ocrx_word' id='word_1_27' title='bbox 2187 472 2413 532; x_wconf 80' lang='lat' dir='ltr'>Feliksu,</span> <span class='ocrx_word' id='word_1_28' title='bbox 2468 473 2624 524; x_wconf 71' lang='lat' dir='ltr'>§kofu</span> 
     </span>
     <span class='ocr_line' id='line_1_4' title="bbox 325 557 2630 630; baseline 0.003 -21"><span class='ocrx_word' id='word_1_29' title='bbox 325 559 672 625; x_wconf 84' lang='lat' dir='ltr'>urgelskemu.</span> <span class='ocrx_word' id='word_1_30' title='bbox 715 559 923 608; x_wconf 62' lang='lat' dir='ltr'>Dotiffini</span> <span class='ocrx_word' id='word_1_31' title='bbox 964 558 1139 607; x_wconf 82' lang='lat' dir='ltr'>stavek</span> <span class='ocrx_word' id='word_1_32' title='bbox 1179 575 1232 607; x_wconf 92' lang='lat' dir='ltr'>se</span> <span class='ocrx_word' id='word_1_33' title='bbox 1273 559 1399 624; x_wconf 86' lang='lat' dir='ltr'>glasi</span> <span class='ocrx_word' id='word_1_34' title='bbox 1439 557 1664 628; x_wconf 84' lang='lat' dir='ltr'>(Paulini</span> <span class='ocrx_word' id='word_1_35' title='bbox 1705 571 1884 610; x_wconf 87' lang='lat' dir='ltr'>contra</span> <span class='ocrx_word' id='word_1_36' title='bbox 1925 560 2169 619; x_wconf 83' lang='lat' dir='ltr'><strong>Felicem,</strong></span> <span class='ocrx_word' id='word_1_37' title='bbox 2210 562 2297 611; x_wconf 88' lang='lat' dir='ltr'>lib.</span> <span class='ocrx_word' id='word_1_38' title='bbox 2326 561 2361 621; x_wconf 91' lang='grc' dir='ltr'>Ι,</span> <span class='ocrx_word' id='word_1_39' title='bbox 2405 578 2447 615; x_wconf 89' lang='lat' dir='ltr'>e.</span> <span class='ocrx_word' id='word_1_40' title='bbox 2477 578 2523 630; x_wconf 86' lang='lat'>5,</span> <span class='ocrx_word' id='word_1_41' title='bbox 2546 563 2630 615; x_wconf 89' lang='lat' dir='ltr'>ed.</span> 
     </span>
     <span class='ocr_line' id='line_1_5' title="bbox 324 645 2611 716; baseline 0.003 -22"><span class='ocrx_word' id='word_1_42' title='bbox 324 647 518 714; x_wconf 82' lang='lat' dir='ltr'>Migne‚</span> <span class='ocrx_word' id='word_1_43' title='bbox 570 645 753 714; x_wconf 88' lang='lat' dir='ltr'>XCIX,</span> <span class='ocrx_word' id='word_1_44' title='bbox 809 647 963 713; x_wconf 82' lang='lat'>355):</span> <span class='ocrx_word' id='word_1_45' title='bbox 1018 646 1107 716; x_wconf 84' lang='lat' dir='ltr'>„In</span> <span class='ocrx_word' id='word_1_46' title='bbox 1157 646 1259 696; x_wconf 90' lang='lat' dir='ltr'>hoc</span> <span class='ocrx_word' id='word_1_47' title='bbox 1309 650 1507 714; x_wconf 87' lang='lat' dir='ltr'><strong>quippe</strong></span> <span class='ocrx_word' id='word_1_48' title='bbox 1562 651 1913 716; x_wconf 82' lang='lat' dir='ltr'>gymnasticae</span> <span class='ocrx_word' id='word_1_49' title='bbox 1954 650 2320 715; x_wconf 83' lang='lat' dir='ltr'>disputationis</span> <span class='ocrx_word' id='word_1_50' title='bbox 2362 650 2611 701; x_wconf 85' lang='lat' dir='ltr'>conflictu</span> 
     </span>
     <span class='ocr_line' id='line_1_6' title="bbox 324 735 2626 806; baseline 0.002 -22"><span class='ocrx_word' id='word_1_51' title='bbox 324 737 540 800; x_wconf 88' lang='lat' dir='ltr'>contigit</span> <span class='ocrx_word' id='word_1_52' title='bbox 579 738 731 784; x_wconf 88' lang='lat' dir='ltr'>etiam</span> <span class='ocrx_word' id='word_1_53' title='bbox 774 735 1098 784; x_wconf 84' lang='lat' dir='ltr'>humillimae</span> <span class='ocrx_word' id='word_1_54' title='bbox 1137 747 1422 784; x_wconf 90' lang='lat' dir='ltr'>nostrae</span> <span class='ocrx_word' id='word_1_55' title='bbox 1463 739 1834 802; x_wconf 81' lang='lat' dir='ltr'>parvitatis</span> <span class='ocrx_word' id='word_1_56' title='bbox 1876 739 2356 803; x_wconf 88' lang='lat' dir='ltr'>personaliter</span> <span class='ocrx_word' id='word_1_57' title='bbox 2424 756 2626 806; x_wconf 90' lang='lat' dir='ltr'>prae-</span> 
     </span>
     <span class='ocr_line' id='line_1_7' title="bbox 325 822 1041 876; baseline 0.004 -4"><span class='ocrx_word' id='word_1_58' title='bbox 325 826 625 872; x_wconf 90' lang='lat' dir='ltr'>sentiam</span> <span class='ocrx_word' id='word_1_59' title='bbox 668 822 1041 876; x_wconf 87' lang='lat' dir='ltr'>adfuisse.“</span> 
     </span>
    </p>
   </div>
   <div class='ocr_carea' id='block_1_3' title="bbox 503 975 1648 1143">
    <p class='ocr_par' dir='ltr' id='par_1_3' title="bbox 503 975 1648 1143">
     <span class='ocr_line' id='line_1_8' title="bbox 1304 975 1648 1061; baseline 0.003 -1"><span class='ocrx_word' id='word_1_60' title='bbox 1304 975 1414 1060; x_wconf 60' lang='lat' dir='ltr'>Se</span> <span class='ocrx_word' id='word_1_61' title='bbox 1470 992 1648 1061; x_wconf 85' lang='lat'>283.</span> 
     </span>
     <span class='ocr_line' id='line_1_9' title="bbox 503 1085 631 1143; baseline 0 -1"><span class='ocrx_word' id='word_1_62' title='bbox 503 1085 631 1143; x_wconf 84' lang='grc'>792.</span> 
     </span>
    </p>
   </div>
   <div class='ocr_carea' id='block_1_4' title="bbox 325 1176 2626 1417">
    <p class='ocr_par' dir='ltr' id='par_1_4' title="bbox 325 1176 2626 1417">
     <span class='ocr_line' id='line_1_10' title="bbox 505 1176 2620 1244; baseline 0.003 -15"><span class='ocrx_word' id='word_1_63' title='bbox 505 1176 867 1230; x_wconf 88' lang='lat' dir='ltr'>Frankovski</span> <span class='ocrx_word' id='word_1_64' title='bbox 922 1176 1066 1244; x_wconf 86' lang='lat' dir='ltr'>kralj</span> <span class='ocrx_word' id='word_1_65' title='bbox 1112 1177 1281 1231; x_wconf 86' lang='lat' dir='ltr'>Karol</span> <span class='ocrx_word' id='word_1_66' title='bbox 1336 1193 1397 1230; x_wconf 89' lang='lat' dir='ltr'>se</span> <span class='ocrx_word' id='word_1_67' title='bbox 1446 1176 1502 1243; x_wconf 85' lang='lat' dir='ltr'>J&#39;e</span> <span class='ocrx_word' id='word_1_68' title='bbox 1541 1177 1726 1232; x_wconf 89' lang='lat' dir='ltr'>takrat</span> <span class='ocrx_word' id='word_1_69' title='bbox 1765 1178 1889 1232; x_wconf 89' lang='lat' dir='ltr'>celo</span> <span class='ocrx_word' id='word_1_70' title='bbox 1928 1179 2041 1232; x_wconf 89' lang='lat' dir='ltr'>leto</span> <span class='ocrx_word' id='word_1_71' title='bbox 2079 1180 2251 1234; x_wconf 89' lang='lat' dir='ltr'>mudil</span> <span class='ocrx_word' id='word_1_72' title='bbox 2291 1195 2328 1232; x_wconf 89' lang='lat' dir='ltr'>v</span> <span class='ocrx_word' id='word_1_73' title='bbox 2366 1179 2620 1236; x_wconf 86' lang='lat' dir='ltr'>Reznem.</span> 
     </span>
     <span class='ocr_line' id='line_1_11' title="bbox 326 1249 2626 1336; baseline 0.003 -18"><span class='ocrx_word' id='word_1_74' title='bbox 326 1249 442 1319; x_wconf 73' lang='lat' dir='ltr'>Cez</span> <span class='ocrx_word' id='word_1_75' title='bbox 481 1264 718 1318; x_wconf 91' lang='lat' dir='ltr'>Donavo</span> <span class='ocrx_word' id='word_1_76' title='bbox 764 1264 820 1330; x_wconf 89' lang='lat' dir='ltr'>je</span> <span class='ocrx_word' id='word_1_77' title='bbox 869 1265 920 1318; x_wconf 87' lang='lat' dir='ltr'>iz</span> <span class='ocrx_word' id='word_1_78' title='bbox 970 1265 1102 1332; x_wconf 88' lang='lat' dir='ltr'>ladij</span> <span class='ocrx_word' id='word_1_79' title='bbox 1152 1267 1243 1319; x_wconf 94' lang='lat' dir='ltr'>dal</span> <span class='ocrx_word' id='word_1_80' title='bbox 1282 1267 1557 1333; x_wconf 88' lang='lat' dir='ltr'>napraviti</span> <span class='ocrx_word' id='word_1_81' title='bbox 1598 1265 1932 1334; x_wconf 85' lang='lat' dir='ltr'>premakljiv</span> <span class='ocrx_word' id='word_1_82' title='bbox 1973 1274 2132 1335; x_wconf 88' lang='lat' dir='ltr'>most,</span> <span class='ocrx_word' id='word_1_83' title='bbox 2181 1270 2251 1322; x_wconf 87' lang='lat' dir='ltr'>da</span> <span class='ocrx_word' id='word_1_84' title='bbox 2290 1269 2346 1321; x_wconf 89' lang='lat' dir='ltr'>bi</span> <span class='ocrx_word' id='word_1_85' title='bbox 2385 1284 2446 1322; x_wconf 90' lang='lat' dir='ltr'>se</span> <span class='ocrx_word' id='word_1_86' title='bbox 2484 1268 2626 1336; x_wconf 69' lang='lat' dir='ltr'>laije</span> 
     </span>
     <span class='ocr_line' id='line_1_12' title="bbox 325 1352 888 1417; baseline 0.002 -11"><span class='ocrx_word' id='word_1_87' title='bbox 325 1352 627 1417; x_wconf 83' lang='lat' dir='ltr'>vojskoval</span> <span class='ocrx_word' id='word_1_88' title='bbox 665 1369 695 1406; x_wconf 89' lang='lat' dir='ltr'>z</span> <span class='ocrx_word' id='word_1_89' title='bbox 736 1353 888 1408; x_wconf 88' lang='lat' dir='ltr'>Obri.</span> 
     </span>
    </p>
   </div>
   <div class='ocr_carea' id='block_1_5' title="bbox 320 1456 2631 1794">
    <p class='ocr_par' dir='ltr' id='par_1_5' title="bbox 320 1456 2631 1794">
     <span class='ocr_line' id='line_1_13' title="bbox 498 1456 2622 1532; baseline 0.001 -23"><span class='ocrx_word' id='word_1_90' title='bbox 498 1459 647 1509; x_wconf 88' lang='lat' dir='ltr'>Ann.</span> <span class='ocrx_word' id='word_1_91' title='bbox 678 1460 839 1524; x_wconf 87' lang='lat' dir='ltr'>regni</span> <span class='ocrx_word' id='word_1_92' title='bbox 866 1459 1054 1510; x_wconf 84' lang='lat' dir='ltr'>Franc</span> <span class='ocrx_word' id='word_1_93' title='bbox 1096 1457 1253 1528; x_wconf 90' lang='lat' dir='ltr'>(Ann.</span> <span class='ocrx_word' id='word_1_94' title='bbox 1278 1459 1504 1512; x_wconf 90' lang='lat' dir='ltr'>Lauriss.</span> <span class='ocrx_word' id='word_1_95' title='bbox 1533 1456 1673 1528; x_wconf 85' lang='lat' dir='ltr'>mai.)</span> <span class='ocrx_word' id='word_1_96' title='bbox 1702 1460 1766 1509; x_wconf 89' lang='lat' dir='ltr'>ad</span> <span class='ocrx_word' id='word_1_97' title='bbox 1806 1476 1850 1512; x_wconf 86' lang='lat' dir='ltr'>a.</span> <span class='ocrx_word' id='word_1_98' title='bbox 1878 1477 1978 1526; x_wconf 88' lang='lat'>792</span> <span class='ocrx_word' id='word_1_99' title='bbox 2023 1459 2126 1531; x_wconf 90' lang='lat' dir='ltr'>(ed.</span> <span class='ocrx_word' id='word_1_100' title='bbox 2153 1461 2213 1515; x_wconf 91' lang='lat' dir='ltr'>F.</span> <span class='ocrx_word' id='word_1_101' title='bbox 2235 1462 2424 1528; x_wconf 81' lang='lat' dir='ltr'>Kurze,</span> <span class='ocrx_word' id='word_1_102' title='bbox 2443 1480 2493 1529; x_wconf 92' lang='lat' dir='ltr'>p.</span> <span class='ocrx_word' id='word_1_103' title='bbox 2516 1460 2622 1532; x_wconf 89' lang='lat'>92):</span> 
     </span>
     <span class='ocr_line' id='line_1_14' title="bbox 327 1545 2629 1618; baseline 0.003 -23"><span class='ocrx_word' id='word_1_104' title='bbox 327 1545 567 1608; x_wconf 88' lang='lat' dir='ltr'>„Eodem</span> <span class='ocrx_word' id='word_1_105' title='bbox 616 1564 755 1597; x_wconf 89' lang='lat' dir='ltr'>anno</span> <span class='ocrx_word' id='word_1_106' title='bbox 814 1549 1019 1597; x_wconf 93' lang='lat' dir='ltr'>nullum</span> <span class='ocrx_word' id='word_1_107' title='bbox 1078 1551 1172 1597; x_wconf 89' lang='lat' dir='ltr'>iter</span> <span class='ocrx_word' id='word_1_108' title='bbox 1211 1549 1479 1598; x_wconf 86' lang='lat' dir='ltr'>exercitale</span> <span class='ocrx_word' id='word_1_109' title='bbox 1535 1547 1731 1598; x_wconf 89' lang='lat' dir='ltr'>factum</span> <span class='ocrx_word' id='word_1_110' title='bbox 1774 1559 1863 1599; x_wconf 91' lang='lat' dir='ltr'>est.</span> <span class='ocrx_word' id='word_1_111' title='bbox 1906 1548 2047 1599; x_wconf 87' lang='lat' dir='ltr'>Pons</span> <span class='ocrx_word' id='word_1_112' title='bbox 2087 1567 2245 1616; x_wconf 86' lang='lat' dir='ltr'>super</span> <span class='ocrx_word' id='word_1_113' title='bbox 2283 1554 2488 1618; x_wconf 80' lang='lat' dir='ltr'>navigia</span> <span class='ocrx_word' id='word_1_114' title='bbox 2527 1551 2629 1602; x_wconf 88' lang='lat' dir='ltr'>flu-</span> 
     </span>
     <span class='ocr_line' id='line_1_15' title="bbox 324 1635 2631 1708; baseline 0.003 -24"><span class='ocrx_word' id='word_1_115' title='bbox 324 1637 467 1684; x_wconf 89' lang='lat' dir='ltr'>mina</span> <span class='ocrx_word' id='word_1_116' title='bbox 519 1638 837 1685; x_wconf 88' lang='lat' dir='ltr'>transeuntia</span> <span class='ocrx_word' id='word_1_117' title='bbox 891 1635 1055 1686; x_wconf 89' lang='lat' dir='ltr'>factus</span> <span class='ocrx_word' id='word_1_118' title='bbox 1105 1648 1195 1695; x_wconf 90' lang='lat' dir='ltr'>est,</span> <span class='ocrx_word' id='word_1_119' title='bbox 1251 1637 1492 1687; x_wconf 89' lang='lat' dir='ltr'>anchoris</span> <span class='ocrx_word' id='word_1_120' title='bbox 1533 1648 1583 1687; x_wconf 91' lang='lat' dir='ltr'>et</span> <span class='ocrx_word' id='word_1_121' title='bbox 1623 1636 1836 1687; x_wconf 87' lang='lat' dir='ltr'>funibus</span> <span class='ocrx_word' id='word_1_122' title='bbox 1880 1641 1947 1687; x_wconf 89' lang='lat' dir='ltr'>ita</span> <span class='ocrx_word' id='word_1_123' title='bbox 1988 1637 2256 1708; x_wconf 79' lang='lat' dir='ltr'>coherens,</span> <span class='ocrx_word' id='word_1_124' title='bbox 2297 1650 2356 1690; x_wconf 92' lang='lat' dir='ltr'>ut</span> <span class='ocrx_word' id='word_1_125' title='bbox 2394 1642 2535 1707; x_wconf 86' lang='lat' dir='ltr'>iungi</span> <span class='ocrx_word' id='word_1_126' title='bbox 2581 1651 2631 1691; x_wconf 93' lang='lat' dir='ltr'>et</span> 
     </span>
     <span class='ocr_line' id='line_1_16' title="bbox 320 1724 2278 1794; baseline 0.004 -22"><span class='ocrx_word' id='word_1_127' title='bbox 320 1724 532 1773; x_wconf 90' lang='lat' dir='ltr'>dissolvi</span> <span class='ocrx_word' id='word_1_128' title='bbox 577 1726 755 1791; x_wconf 91' lang='lat' dir='ltr'>possit.</span> <span class='ocrx_word' id='word_1_129' title='bbox 797 1724 870 1773; x_wconf 90' lang='lat' dir='ltr'>Ibi</span> <span class='ocrx_word' id='word_1_130' title='bbox 912 1726 1136 1775; x_wconf 88' lang='lat' dir='ltr'>natalem</span> <span class='ocrx_word' id='word_1_131' title='bbox 1181 1725 1414 1794; x_wconf 84' lang='lat' dir='ltr'>Domini,</span> <span class='ocrx_word' id='word_1_132' title='bbox 1454 1727 1521 1776; x_wconf 91' lang='lat' dir='ltr'>ibi</span> <span class='ocrx_word' id='word_1_133' title='bbox 1564 1725 1754 1792; x_wconf 88' lang='lat' dir='ltr'>pascha</span> <span class='ocrx_word' id='word_1_134' title='bbox 1796 1727 2113 1777; x_wconf 91' lang='lat' dir='ltr'>celebratum</span> <span class='ocrx_word' id='word_1_135' title='bbox 2154 1726 2278 1781; x_wconf 84' lang='lat' dir='ltr'>est.“</span> 
     </span>
    </p>
   </div>
   <div class='ocr_carea' id='block_1_6' title="bbox 320 1828 2628 2161">
    <p class='ocr_par' dir='ltr' id='par_1_6' title="bbox 320 1828 2628 2161">
     <span class='ocr_line' id='line_1_17' title="bbox 497 1828 2628 1900; baseline 0.002 -22"><span class='ocrx_word' id='word_1_136' title='bbox 497 1828 647 1880; x_wconf 87' lang='lat' dir='ltr'>Ann.</span> <span class='ocrx_word' id='word_1_137' title='bbox 686 1829 964 1879; x_wconf 83' lang='lat' dir='ltr'>Einhardi</span> <span class='ocrx_word' id='word_1_138' title='bbox 1006 1830 1068 1878; x_wconf 87' lang='lat' dir='ltr'>ad</span> <span class='ocrx_word' id='word_1_139' title='bbox 1111 1846 1154 1882; x_wconf 90' lang='lat' dir='ltr'>a.</span> <span class='ocrx_word' id='word_1_140' title='bbox 1179 1844 1285 1896; x_wconf 85' lang='lat'>792</span> <span class='ocrx_word' id='word_1_141' title='bbox 1327 1829 1427 1900; x_wconf 87' lang='lat' dir='ltr'>(ed.</span> <span class='ocrx_word' id='word_1_142' title='bbox 1454 1829 1508 1883; x_wconf 89' lang='lat' dir='ltr'>F.</span> <span class='ocrx_word' id='word_1_143' title='bbox 1539 1830 1728 1894; x_wconf 87' lang='lat' dir='ltr'>Kurze,</span> <span class='ocrx_word' id='word_1_144' title='bbox 1770 1849 1820 1897; x_wconf 88' lang='lat' dir='ltr'>p.</span> <span class='ocrx_word' id='word_1_145' title='bbox 1849 1828 1962 1900; x_wconf 86' lang='lat'>93):</span> <span class='ocrx_word' id='word_1_146' title='bbox 2012 1831 2154 1891; x_wconf 80' lang='lat' dir='ltr'>„Rex</span> <span class='ocrx_word' id='word_1_147' title='bbox 2193 1843 2370 1882; x_wconf 86' lang='lat' dir='ltr'>autem</span> <span class='ocrx_word' id='word_1_148' title='bbox 2408 1844 2628 1899; x_wconf 89' lang='lat' dir='ltr'>propter</span> 
     </span>
     <span class='ocr_line' id='line_1_18' title="bbox 321 1916 2627 1990; baseline 0.003 -25"><span class='ocrx_word' id='word_1_149' title='bbox 321 1916 518 1966; x_wconf 91' lang='lat' dir='ltr'>bellum</span> <span class='ocrx_word' id='word_1_150' title='bbox 571 1934 690 1967; x_wconf 90' lang='lat' dir='ltr'>cum</span> <span class='ocrx_word' id='word_1_151' title='bbox 747 1918 922 1967; x_wconf 85' lang='lat' dir='ltr'>Hunis</span> <span class='ocrx_word' id='word_1_152' title='bbox 960 1930 1264 1984; x_wconf 89' lang='lat' dir='ltr'>susceptum</span> <span class='ocrx_word' id='word_1_153' title='bbox 1329 1922 1381 1968; x_wconf 91' lang='lat' dir='ltr'>in</span> <span class='ocrx_word' id='word_1_154' title='bbox 1420 1919 1656 1969; x_wconf 89' lang='lat' dir='ltr'>Baioaria</span> <span class='ocrx_word' id='word_1_155' title='bbox 1717 1920 1902 1969; x_wconf 85' lang='lat' dir='ltr'>sedens</span> <span class='ocrx_word' id='word_1_156' title='bbox 1944 1931 2162 1986; x_wconf 90' lang='lat' dir='ltr'>pontem</span> <span class='ocrx_word' id='word_1_157' title='bbox 2203 1922 2458 1982; x_wconf 85' lang='lat' dir='ltr'>navalem,</span> <span class='ocrx_word' id='word_1_158' title='bbox 2517 1938 2627 1990; x_wconf 92' lang='lat' dir='ltr'>quo</span> 
     </span>
     <span class='ocr_line' id='line_1_19' title="bbox 321 2005 2620 2079; baseline 0.003 -26"><span class='ocrx_word' id='word_1_159' title='bbox 321 2007 372 2053; x_wconf 86' lang='lat' dir='ltr'>in</span> <span class='ocrx_word' id='word_1_160' title='bbox 430 2005 675 2056; x_wconf 89' lang='lat' dir='ltr'>Danubio</span> <span class='ocrx_word' id='word_1_161' title='bbox 731 2009 795 2056; x_wconf 92' lang='lat' dir='ltr'>ad</span> <span class='ocrx_word' id='word_1_162' title='bbox 848 2008 898 2056; x_wconf 92' lang='lat' dir='ltr'>id</span> <span class='ocrx_word' id='word_1_163' title='bbox 939 2008 1137 2057; x_wconf 90' lang='lat' dir='ltr'>bellum</span> <span class='ocrx_word' id='word_1_164' title='bbox 1192 2020 1441 2074; x_wconf 74' lang='lat' dir='ltr'>uteretur,</span> <span class='ocrx_word' id='word_1_165' title='bbox 1499 2007 1788 2059; x_wconf 86' lang='lat' dir='ltr'>aedificavit</span> <span class='ocrx_word' id='word_1_166' title='bbox 1827 2010 2004 2079; x_wconf 87' lang='lat' dir='ltr'>ibique</span> <span class='ocrx_word' id='word_1_167' title='bbox 2046 2011 2271 2060; x_wconf 89' lang='lat' dir='ltr'>natalem</span> <span class='ocrx_word' id='word_1_168' title='bbox 2314 2010 2528 2061; x_wconf 89' lang='lat' dir='ltr'>Domini</span> <span class='ocrx_word' id='word_1_169' title='bbox 2570 2022 2620 2061; x_wconf 90' lang='lat' dir='ltr'>et</span> 
     </span>
     <span class='ocr_line' id='line_1_20' title="bbox 320 2095 1154 2161; baseline 0.007 -20"><span class='ocrx_word' id='word_1_170' title='bbox 320 2107 559 2143; x_wconf 90' lang='lat' dir='ltr'>sanctum</span> <span class='ocrx_word' id='word_1_171' title='bbox 601 2095 792 2161; x_wconf 89' lang='lat' dir='ltr'>pascha</span> <span class='ocrx_word' id='word_1_172' title='bbox 832 2097 1154 2149; x_wconf 58' lang='lat' dir='ltr'>celebravit·</span> 
     </span>
    </p>
   </div>
   <div class='ocr_carea' id='block_1_7' title="bbox 324 2197 2629 2358">
    <p class='ocr_par' dir='ltr' id='par_1_7' title="bbox 324 2197 2629 2358">
     <span class='ocr_line' id='line_1_21' title="bbox 497 2197 2629 2272; baseline 0.004 -25"><span class='ocrx_word' id='word_1_173' title='bbox 497 2197 775 2249; x_wconf 86' lang='lat' dir='ltr'>Einhardi</span> <span class='ocrx_word' id='word_1_174' title='bbox 832 2200 969 2251; x_wconf 87' lang='lat' dir='ltr'>Vita</span> <span class='ocrx_word' id='word_1_175' title='bbox 1024 2200 1227 2252; x_wconf 88' lang='lat' dir='ltr'>Karoli</span> <span class='ocrx_word' id='word_1_176' title='bbox 1279 2201 1370 2267; x_wconf 84' lang='lat' dir='ltr'>M.,</span> <span class='ocrx_word' id='word_1_177' title='bbox 1412 2218 1454 2254; x_wconf 89' lang='lat' dir='ltr'>c.</span> <span class='ocrx_word' id='word_1_178' title='bbox 1493 2217 1558 2251; x_wconf 88' lang='lat'>20</span> <span class='ocrx_word' id='word_1_179' title='bbox 1599 2199 1761 2271; x_wconf 61' lang='lat' dir='ltr'>(Jaffe</span> <span class='ocrx_word' id='word_1_180' title='bbox 1803 2201 1934 2255; x_wconf 89' lang='lat' dir='ltr'>Bibl.</span> <span class='ocrx_word' id='word_1_181' title='bbox 1972 2218 2067 2255; x_wconf 89' lang='lat' dir='ltr'>rer.</span> <span class='ocrx_word' id='word_1_182' title='bbox 2106 2201 2299 2262; x_wconf 73' lang='lat' dir='ltr'>Germ,</span> <span class='ocrx_word' id='word_1_183' title='bbox 2344 2202 2428 2267; x_wconf 90' lang='lat' dir='ltr'>IV,</span> <span class='ocrx_word' id='word_1_184' title='bbox 2476 2199 2629 2272; x_wconf 86' lang='lat'>528):</span> 
     </span>
     <span class='ocr_line' id='line_1_22' title="bbox 324 2289 2626 2358; baseline 0.005 -25"><span class='ocrx_word' id='word_1_185' title='bbox 324 2326 351 2354; x_wconf 83' lang='lat'>„</span> <span class='ocrx_word' id='word_1_186' title='bbox 385 2324 394 2333; x_wconf 96' lang='lat'>.</span> <span class='ocrx_word' id='word_1_187' title='bbox 424 2326 437 2339; x_wconf 91' lang='lat'><strong>.</strong></span> <span class='ocrx_word' id='word_1_188' title='bbox 461 2325 473 2339; x_wconf 89' lang='lat'><strong>.</strong></span> <span class='ocrx_word' id='word_1_189' title='bbox 516 2303 636 2336; x_wconf 81' lang='lat' dir='ltr'>cum</span> <span class='ocrx_word' id='word_1_190' title='bbox 678 2299 824 2353; x_wconf 89' lang='lat' dir='ltr'>pater</span> <span class='ocrx_word' id='word_1_191' title='bbox 863 2289 1001 2339; x_wconf 90' lang='lat' dir='ltr'>bello</span> <span class='ocrx_word' id='word_1_192' title='bbox 1056 2300 1235 2339; x_wconf 89' lang='lat' dir='ltr'>contra</span> <span class='ocrx_word' id='word_1_193' title='bbox 1279 2290 1468 2340; x_wconf 82' lang='lat' dir='ltr'>Hunos</span> <span class='ocrx_word' id='word_1_194' title='bbox 1509 2302 1753 2358; x_wconf 89' lang='lat' dir='ltr'>suscepto</span> <span class='ocrx_word' id='word_1_195' title='bbox 1796 2294 1847 2339; x_wconf 85' lang='lat' dir='ltr'>iu</span> <span class='ocrx_word' id='word_1_196' title='bbox 1889 2290 2125 2341; x_wconf 86' lang='lat' dir='ltr'>Baioaria</span> <span class='ocrx_word' id='word_1_197' title='bbox 2164 2291 2438 2351; x_wconf 81' lang='lat' dir='ltr'>hiemaret,</span> <span class='ocrx_word' id='word_1_198' title='bbox 2471 2335 2480 2344; x_wconf 95' lang='lat'><em>.</em></span> <span class='ocrx_word' id='word_1_199' title='bbox 2512 2331 2525 2344; x_wconf 90' lang='lat'><strong>.</strong></span> <span class='ocrx_word' id='word_1_200' title='bbox 2553 2332 2564 2346; x_wconf 90' lang='lat'><strong>.</strong></span> <span class='ocrx_word' id='word_1_201' title='bbox 2596 2295 2626 2319; x_wconf 85' lang='lat'>“</span> 
     </span>
    </p>
   </div>
   <div class='ocr_carea' id='block_1_8' title="bbox 497 2390 2408 2466">
    <p class='ocr_par' dir='ltr' id='par_1_8' title="bbox 497 2390 2408 2466">
     <span class='ocr_line' id='line_1_23' title="bbox 497 2390 2408 2466; baseline 0.002 -25"><span class='ocrx_word' id='word_1_202' title='bbox 497 2390 682 2444; x_wconf 88' lang='lat' dir='ltr'>Poeta</span> <span class='ocrx_word' id='word_1_203' title='bbox 721 2392 895 2452; x_wconf 78' lang='lat' dir='ltr'>SaXO‚</span> <span class='ocrx_word' id='word_1_204' title='bbox 939 2393 1004 2443; x_wconf 86' lang='lat' dir='ltr'>ad</span> <span class='ocrx_word' id='word_1_205' title='bbox 1043 2410 1087 2447; x_wconf 86' lang='lat' dir='ltr'>a.</span> <span class='ocrx_word' id='word_1_206' title='bbox 1127 2410 1252 2461; x_wconf 61' lang='lat'>792,</span> <span class='ocrx_word' id='word_1_207' title='bbox 1295 2396 1380 2448; x_wconf 89' lang='lat' dir='ltr'>lib.</span> <span class='ocrx_word' id='word_1_208' title='bbox 1408 2394 1491 2464; x_wconf 88' lang='lat'>111,</span> <span class='ocrx_word' id='word_1_209' title='bbox 1515 2413 1561 2447; x_wconf 81' lang='lat' dir='ltr'>v.</span> <span class='ocrx_word' id='word_1_210' title='bbox 1600 2395 1820 2461; x_wconf 78' lang='lat'><strong>43—46</strong></span> <span class='ocrx_word' id='word_1_211' title='bbox 1861 2394 2003 2466; x_wconf 90' lang='lat' dir='ltr'><strong>(MG.</strong></span> <span class='ocrx_word' id='word_1_212' title='bbox 2030 2395 2132 2465; x_wconf 68' lang='lat' dir='ltr'>SS„</span> <span class='ocrx_word' id='word_1_213' title='bbox 2173 2395 2209 2455; x_wconf 91' lang='grc' dir='ltr'>Ι,</span> <span class='ocrx_word' id='word_1_214' title='bbox 2256 2393 2408 2465; x_wconf 83' lang='grc'>249);</span> 
     </span>
    </p>
   </div>
   <div class='ocr_carea' id='block_1_9' title="bbox 810 2512 2208 2848">
    <p class='ocr_par' dir='ltr' id='par_1_9' title="bbox 811 2512 1924 2581">
     <span class='ocr_line' id='line_1_24' title="bbox 811 2512 1924 2581; baseline 0.003 -20"><span class='ocrx_word' id='word_1_215' title='bbox 811 2512 903 2574; x_wconf 87' lang='lat' dir='ltr'>„In</span> <span class='ocrx_word' id='word_1_216' title='bbox 946 2513 1210 2563; x_wconf 88' lang='lat' dir='ltr'>Baioarica</span> <span class='ocrx_word' id='word_1_217' title='bbox 1250 2530 1373 2564; x_wconf 82' lang='lat' dir='ltr'>vero</span> <span class='ocrx_word' id='word_1_218' title='bbox 1417 2517 1629 2581; x_wconf 85' lang='lat' dir='ltr'>regione</span> <span class='ocrx_word' id='word_1_219' title='bbox 1671 2525 1924 2571; x_wconf 88' lang='lat' dir='ltr'>moratus,</span> 
     </span>
    </p>

    <p class='ocr_par' dir='ltr' id='par_1_10' title="bbox 810 2601 2208 2848">
     <span class='ocr_line' id='line_1_25' title="bbox 810 2601 2141 2671; baseline 0.001 -20"><span class='ocrx_word' id='word_1_220' title='bbox 810 2601 1037 2652; x_wconf 89' lang='lat' dir='ltr'>Instabat</span> <span class='ocrx_word' id='word_1_221' title='bbox 1075 2605 1317 2671; x_wconf 89' lang='lat' dir='ltr'>princeps</span> <span class='ocrx_word' id='word_1_222' title='bbox 1358 2605 1592 2653; x_wconf 84' lang='lat' dir='ltr'>navalem</span> <span class='ocrx_word' id='word_1_223' title='bbox 1638 2605 1861 2654; x_wconf 92' lang='lat' dir='ltr'>condere</span> <span class='ocrx_word' id='word_1_224' title='bbox 1903 2615 2141 2670; x_wconf 81' lang='lat' dir='ltr'>pontem,</span> 
     </span>
     <span class='ocr_line' id='line_1_26' title="bbox 814 2689 2155 2759; baseline 0.003 -20"><span class='ocrx_word' id='word_1_225' title='bbox 814 2689 920 2750; x_wconf 85' lang='lat' dir='ltr'>Qui</span> <span class='ocrx_word' id='word_1_226' title='bbox 962 2707 1053 2758; x_wconf 89' lang='lat' dir='ltr'>per</span> <span class='ocrx_word' id='word_1_227' title='bbox 1092 2691 1398 2742; x_wconf 90' lang='lat' dir='ltr'>Danubium</span> <span class='ocrx_word' id='word_1_228' title='bbox 1442 2694 1578 2743; x_wconf 92' lang='lat' dir='ltr'>bello</span> <span class='ocrx_word' id='word_1_229' title='bbox 1621 2693 1891 2758; x_wconf 83' lang='lat' dir='ltr'>prodesset</span> <span class='ocrx_word' id='word_1_230' title='bbox 1930 2694 2155 2759; x_wconf 89' lang='lat' dir='ltr'>agendo,</span> 
     </span>
     <span class='ocr_line' id='line_1_27' title="bbox 814 2779 2208 2848; baseline 0.004 -19"><span class='ocrx_word' id='word_1_231' title='bbox 814 2779 976 2841; x_wconf 91' lang='lat' dir='ltr'>Quod</span> <span class='ocrx_word' id='word_1_232' title='bbox 1017 2791 1196 2830; x_wconf 89' lang='lat' dir='ltr'>contra</span> <span class='ocrx_word' id='word_1_233' title='bbox 1235 2798 1418 2832; x_wconf 87' lang='lat' dir='ltr'>saevos</span> <span class='ocrx_word' id='word_1_234' title='bbox 1460 2782 1586 2831; x_wconf 88' lang='lat' dir='ltr'>olim</span> <span class='ocrx_word' id='word_1_235' title='bbox 1628 2793 1928 2848; x_wconf 87' lang='lat' dir='ltr'>susceperat</span> <span class='ocrx_word' id='word_1_236' title='bbox 1967 2779 2208 2836; x_wconf 84' lang='lat' dir='ltr'>Hunos.“</span> 
     </span>
    </p>
   </div>
   <div class='ocr_carea' id='block_1_10' title="bbox 1300 2991 1654 3079">
    <p class='ocr_par' dir='ltr' id='par_1_11' title="bbox 1300 2991 1654 3079">
     <span class='ocr_line' id='line_1_28' title="bbox 1300 2991 1654 3079; baseline 0.003 -1"><span class='ocrx_word' id='word_1_237' title='bbox 1300 2991 1413 3078; x_wconf 57' lang='lat' dir='ltr'>sn</span> <span class='ocrx_word' id='word_1_238' title='bbox 1471 3009 1654 3079; x_wconf 84' lang='lat'>284.</span> 
     </span>
    </p>
   </div>
   <div class='ocr_carea' id='block_1_11' title="bbox 498 3160 1412 3235">
    <p class='ocr_par' dir='ltr' id='par_1_12' title="bbox 498 3160 1412 3235">
     <span class='ocr_line' id='line_1_29' title="bbox 498 3160 1412 3235; baseline 0.004 -18"><span class='ocrx_word' id='word_1_239' title='bbox 498 3160 630 3231; x_wconf 83' lang='grc'>792,</span> <span class='ocrx_word' id='word_1_240' title='bbox 671 3161 774 3219; x_wconf 77' lang='lat' dir='ltr'>dno</span> <span class='ocrx_word' id='word_1_241' title='bbox 812 3163 871 3220; x_wconf 88' lang='lat'>4.</span> <span class='ocrx_word' id='word_1_242' title='bbox 914 3165 1166 3235; x_wconf 74' lang='lat' dir='ltr'>avuusta.</span> <span class='ocrx_word' id='word_1_243' title='bbox 1206 3165 1412 3221; x_wconf 87' lang='lat' dir='ltr'>Rezno.</span> 
     </span>
    </p>
   </div>
   <div class='ocr_carea' id='block_1_12' title="bbox 315 3265 2629 3872">
    <p class='ocr_par' dir='ltr' id='par_1_13' title="bbox 315 3265 2629 3872">
     <span class='ocr_line' id='line_1_30' title="bbox 499 3265 2621 3340; baseline 0.003 -22"><span class='ocrx_word' id='word_1_244' title='bbox 499 3265 866 3322; x_wconf 88' lang='lat' dir='ltr'>Frankovski</span> <span class='ocrx_word' id='word_1_245' title='bbox 924 3269 983 3322; x_wconf 89' lang='lat' dir='ltr'>in</span> <span class='ocrx_word' id='word_1_246' title='bbox 1040 3269 1444 3337; x_wconf 85' lang='lat' dir='ltr'>langobardski</span> <span class='ocrx_word' id='word_1_247' title='bbox 1501 3269 1648 3337; x_wconf 89' lang='lat' dir='ltr'>kralj</span> <span class='ocrx_word' id='word_1_248' title='bbox 1702 3270 1873 3324; x_wconf 88' lang='lat' dir='ltr'>Karol</span> <span class='ocrx_word' id='word_1_249' title='bbox 1933 3271 2126 3325; x_wconf 91' lang='lat' dir='ltr'>dovoli</span> <span class='ocrx_word' id='word_1_250' title='bbox 2176 3271 2337 3325; x_wconf 84' lang='lat' dir='ltr'>vsled</span> <span class='ocrx_word' id='word_1_251' title='bbox 2394 3270 2621 3340; x_wconf 71' lang='lat' dir='ltr'>proan&#39;e</span> 
     </span>
     <span class='ocr_line' id='line_1_31' title="bbox 318 3352 2629 3431; baseline 0.004 -26"><span class='ocrx_word' id='word_1_252' title='bbox 318 3352 651 3422; x_wconf 85' lang='lat' dir='ltr'>oglejskega</span> <span class='ocrx_word' id='word_1_253' title='bbox 690 3356 972 3423; x_wconf 84' lang='lat' dir='ltr'>patriarha</span> <span class='ocrx_word' id='word_1_254' title='bbox 1013 3357 1244 3412; x_wconf 89' lang='lat' dir='ltr'>Pavlina</span> <span class='ocrx_word' id='word_1_255' title='bbox 1287 3356 1651 3431; x_wconf 84' lang='lat' dir='ltr'>[„Paulinus</span> <span class='ocrx_word' id='word_1_256' title='bbox 1686 3365 1900 3414; x_wconf 83' lang='lat' dir='ltr'>sancte</span> <span class='ocrx_word' id='word_1_257' title='bbox 1924 3360 2346 3429; x_wconf 82' lang='lat' dir='ltr'>Aquilegiensi</span> <span class='ocrx_word' id='word_1_258' title='bbox 2384 3360 2629 3414; x_wconf 82' lang='lat' dir='ltr'>ecclesie</span> 
     </span>
     <span class='ocr_line' id='line_1_32' title="bbox 315 3441 2625 3519; baseline 0.003 -23"><span class='ocrx_word' id='word_1_259' title='bbox 315 3441 718 3516; x_wconf 77' lang='lat' dir='ltr'>patriarca“],</span> <span class='ocrx_word' id='word_1_260' title='bbox 758 3447 827 3498; x_wconf 91' lang='lat' dir='ltr'>da</span> <span class='ocrx_word' id='word_1_261' title='bbox 868 3461 986 3500; x_wconf 89' lang='lat' dir='ltr'>sme</span> <span class='ocrx_word' id='word_1_262' title='bbox 1025 3462 1098 3515; x_wconf 88' lang='lat' dir='ltr'>po</span> <span class='ocrx_word' id='word_1_263' title='bbox 1138 3446 1365 3516; x_wconf 89' lang='lat' dir='ltr'>njegovi</span> <span class='ocrx_word' id='word_1_264' title='bbox 1405 3447 1744 3519; x_wconf 88' lang='lat' dir='ltr'>(Pavlinovi)</span> <span class='ocrx_word' id='word_1_265' title='bbox 1783 3450 1939 3502; x_wconf 91' lang='lat' dir='ltr'>smrti</span> <span class='ocrx_word' id='word_1_266' title='bbox 1979 3448 2239 3517; x_wconf 88' lang='lat' dir='ltr'>oglejska</span> <span class='ocrx_word' id='word_1_267' title='bbox 2276 3449 2625 3504; x_wconf 69' lang='lat' dir='ltr'>duhovsoina</span> 
     </span>
     <span class='ocr_line' id='line_1_33' title="bbox 320 3527 2620 3607; baseline 0.003 -22"><span class='ocrx_word' id='word_1_268' title='bbox 320 3527 597 3603; x_wconf 82' lang='lat' dir='ltr'>[„sancta</span> <span class='ocrx_word' id='word_1_269' title='bbox 618 3536 1038 3606; x_wconf 83' lang='lat' dir='ltr'>congregati0‚</span> <span class='ocrx_word' id='word_1_270' title='bbox 1078 3551 1195 3605; x_wconf 87' lang='lat' dir='ltr'>que</span> <span class='ocrx_word' id='word_1_271' title='bbox 1234 3538 1458 3590; x_wconf 82' lang='lat' dir='ltr'>ibidem</span> <span class='ocrx_word' id='word_1_272' title='bbox 1498 3539 1613 3591; x_wconf 81' lang='lat' dir='ltr'>sub</span> <span class='ocrx_word' id='word_1_273' title='bbox 1650 3543 1869 3592; x_wconf 81' lang='lat' dir='ltr'>sancto</span> <span class='ocrx_word' id='word_1_274' title='bbox 1910 3539 2134 3592; x_wconf 86' lang='lat' dir='ltr'>ordine</span> <span class='ocrx_word' id='word_1_275' title='bbox 2170 3539 2363 3592; x_wconf 79' lang='lat' dir='ltr'>vitam</span> <span class='ocrx_word' id='word_1_276' title='bbox 2400 3553 2620 3607; x_wconf 67' lang='lat' dir='ltr'>gerere</span> 
     </span>
     <span class='ocr_line' id='line_1_34' title="bbox 319 3618 2624 3695; baseline 0.003 -23"><span class='ocrx_word' id='word_1_277' title='bbox 319 3618 625 3692; x_wconf 81' lang='lat' dir='ltr'>videtur“]</span> <span class='ocrx_word' id='word_1_278' title='bbox 667 3637 740 3690; x_wconf 90' lang='lat' dir='ltr'>po</span> <span class='ocrx_word' id='word_1_279' title='bbox 781 3622 1123 3678; x_wconf 69' lang='lat' dir='ltr'>kanonionih</span> <span class='ocrx_word' id='word_1_280' title='bbox 1161 3626 1434 3694; x_wconf 87' lang='lat' dir='ltr'>postavah</span> <span class='ocrx_word' id='word_1_281' title='bbox 1475 3627 1635 3680; x_wconf 90' lang='lat' dir='ltr'>voliti</span> <span class='ocrx_word' id='word_1_282' title='bbox 1675 3627 2031 3694; x_wconf 85' lang='lat' dir='ltr'>sposobnega</span> <span class='ocrx_word' id='word_1_283' title='bbox 2070 3626 2417 3695; x_wconf 86' lang='lat' dir='ltr'>naslednika,</span> <span class='ocrx_word' id='word_1_284' title='bbox 2466 3626 2528 3679; x_wconf 86' lang='lat' dir='ltr'>ki</span> <span class='ocrx_word' id='word_1_285' title='bbox 2566 3626 2624 3680; x_wconf 92' lang='lat' dir='ltr'>bi</span> 
     </span>
     <span class='ocr_line' id='line_1_35' title="bbox 319 3708 2623 3785; baseline 0.003 -25"><span class='ocrx_word' id='word_1_286' title='bbox 319 3708 400 3760; x_wconf 89' lang='lat' dir='ltr'>bil</span> <span class='ocrx_word' id='word_1_287' title='bbox 442 3723 478 3760; x_wconf 88' lang='lat' dir='ltr'>v</span> <span class='ocrx_word' id='word_1_288' title='bbox 518 3711 655 3764; x_wconf 89' lang='lat' dir='ltr'>vseh</span> <span class='ocrx_word' id='word_1_289' title='bbox 706 3713 953 3765; x_wconf 85' lang='lat' dir='ltr'>zadevah</span> <span class='ocrx_word' id='word_1_290' title='bbox 1002 3720 1158 3767; x_wconf 87' lang='lat' dir='ltr'>zvest</span> <span class='ocrx_word' id='word_1_291' title='bbox 1209 3714 1266 3767; x_wconf 89' lang='lat' dir='ltr'>in</span> <span class='ocrx_word' id='word_1_292' title='bbox 1305 3713 1440 3768; x_wconf 71' lang='grc' dir='ltr'>νὲεό</span> <span class='ocrx_word' id='word_1_293' title='bbox 1493 3714 1678 3781; x_wconf 89' lang='lat' dir='ltr'>njemu</span> <span class='ocrx_word' id='word_1_294' title='bbox 1732 3713 1939 3785; x_wconf 87' lang='lat' dir='ltr'>(kralju</span> <span class='ocrx_word' id='word_1_295' title='bbox 1994 3713 2240 3783; x_wconf 88' lang='lat' dir='ltr'>Karolu),</span> <span class='ocrx_word' id='word_1_296' title='bbox 2291 3713 2623 3783; x_wconf 85' lang='lat' dir='ltr'>njegovemu</span> 
     </span>
     <span class='ocr_line' id='line_1_36' title="bbox 319 3796 2626 3872; baseline 0.003 -23"><span class='ocrx_word' id='word_1_297' title='bbox 319 3796 450 3849; x_wconf 86' lang='lat' dir='ltr'>sinu</span> <span class='ocrx_word' id='word_1_298' title='bbox 490 3797 688 3866; x_wconf 90' lang='lat' dir='ltr'>Pipinu</span> <span class='ocrx_word' id='word_1_299' title='bbox 728 3800 785 3853; x_wconf 89' lang='lat' dir='ltr'>in</span> <span class='ocrx_word' id='word_1_300' title='bbox 825 3816 1018 3854; x_wconf 89' lang='lat' dir='ltr'>vsemu</span> <span class='ocrx_word' id='word_1_301' title='bbox 1058 3801 1391 3871; x_wconf 87' lang='lat' dir='ltr'>njegovemu</span> <span class='ocrx_word' id='word_1_302' title='bbox 1430 3801 1694 3869; x_wconf 83' lang='lat' dir='ltr'>ljudstvu‚</span> <span class='ocrx_word' id='word_1_303' title='bbox 1734 3803 1848 3857; x_wconf 89' lang='lat' dir='ltr'>ako</span> <span class='ocrx_word' id='word_1_304' title='bbox 1887 3804 1945 3856; x_wconf 90' lang='lat' dir='ltr'>ni</span> <span class='ocrx_word' id='word_1_305' title='bbox 1984 3811 2042 3857; x_wconf 93' lang='lat' dir='ltr'>to</span> <span class='ocrx_word' id='word_1_306' title='bbox 2081 3819 2151 3856; x_wconf 88' lang='lat' dir='ltr'>na</span> <span class='ocrx_word' id='word_1_307' title='bbox 2190 3797 2374 3858; x_wconf 73' lang='lat' dir='ltr'>skodo</span> <span class='ocrx_word' id='word_1_308' title='bbox 2400 3802 2626 3872; x_wconf 84' lang='lat' dir='ltr'>njegovi</span> 
     </span>
    </p>
   </div>
   <div class='ocr_carea' id='block_1_13' title="bbox 322 3930 677 3940">
    <p class='ocr_par' dir='ltr' id='par_1_14' title="bbox 322 3930 677 3940">
     <span class='ocr_line' id='line_1_37' title="bbox 322 3930 677 3940; baseline 0 564"><span class='ocrx_word' id='word_1_309' title='bbox 322 3930 677 3940; x_wconf 95' lang='lat' dir='ltr'> </span> 
     </span>
    </p>
   </div>
   <div class='ocr_carea' id='block_1_14' title="bbox 319 3989 2628 4198">
    <p class='ocr_par' dir='ltr' id='par_1_15' title="bbox 319 3989 2628 4198">
     <span class='ocr_line' id='line_1_38' title="bbox 504 3989 2628 4050; baseline 0.002 -16"><span class='ocrx_word' id='word_1_310' title='bbox 504 3989 533 4046; x_wconf 87' lang='lat'>¹)</span> <span class='ocrx_word' id='word_1_311' title='bbox 564 3990 636 4034; x_wconf 92' lang='lat' dir='ltr'>Da</span> <span class='ocrx_word' id='word_1_312' title='bbox 661 3992 714 4046; x_wconf 90' lang='lat' dir='ltr'>je</span> <span class='ocrx_word' id='word_1_313' title='bbox 743 3991 811 4035; x_wconf 90' lang='lat' dir='ltr'>bil</span> <span class='ocrx_word' id='word_1_314' title='bbox 842 3993 1051 4048; x_wconf 87' lang='lat' dir='ltr'>oglejski</span> <span class='ocrx_word' id='word_1_315' title='bbox 1081 3994 1295 4050; x_wconf 86' lang='lat' dir='ltr'>patriarh</span> <span class='ocrx_word' id='word_1_316' title='bbox 1325 4006 1513 4039; x_wconf 87' lang='lat' dir='ltr'>meseca</span> <span class='ocrx_word' id='word_1_317' title='bbox 1544 4002 1748 4050; x_wconf 87' lang='lat' dir='ltr'>avgusta</span> <span class='ocrx_word' id='word_1_318' title='bbox 1778 3995 1873 4040; x_wconf 86' lang='lat' dir='ltr'>leta</span> <span class='ocrx_word' id='word_1_319' title='bbox 1906 4001 2006 4043; x_wconf 89' lang='grc'>792.</span> <span class='ocrx_word' id='word_1_320' title='bbox 2028 4009 2062 4040; x_wconf 86' lang='lat' dir='ltr'>v</span> <span class='ocrx_word' id='word_1_321' title='bbox 2091 3995 2312 4049; x_wconf 88' lang='lat' dir='ltr'>Reznem,</span> <span class='ocrx_word' id='word_1_322' title='bbox 2342 4006 2397 4039; x_wconf 85' lang='lat' dir='ltr'>se</span> <span class='ocrx_word' id='word_1_323' title='bbox 2428 3993 2488 4039; x_wconf 66' lang='lat' dir='ltr'>da</span> <span class='ocrx_word' id='word_1_324' title='bbox 2526 3994 2628 4039; x_wconf 89' lang='lat' dir='ltr'>tudi</span> 
     </span>
     <span class='ocr_line' id='line_1_39' title="bbox 320 4064 2626 4126; baseline 0.002 -19"><span class='ocrx_word' id='word_1_325' title='bbox 320 4064 528 4120; x_wconf 83' lang='lat' dir='ltr'>sklepati</span> <span class='ocrx_word' id='word_1_326' title='bbox 559 4065 601 4109; x_wconf 90' lang='lat' dir='ltr'>iz</span> <span class='ocrx_word' id='word_1_327' title='bbox 633 4066 757 4110; x_wconf 93' lang='lat' dir='ltr'>obeh</span> <span class='ocrx_word' id='word_1_328' title='bbox 789 4066 919 4111; x_wconf 89' lang='lat' dir='ltr'>listin</span> <span class='ocrx_word' id='word_1_329' title='bbox 964 4068 1325 4124; x_wconf 82' lang='lat' dir='ltr'>frankovskega</span> <span class='ocrx_word' id='word_1_330' title='bbox 1368 4069 1525 4124; x_wconf 88' lang='lat' dir='ltr'>kralja</span> <span class='ocrx_word' id='word_1_331' title='bbox 1571 4069 1765 4123; x_wconf 85' lang='lat' dir='ltr'>Karola‚</span> <span class='ocrx_word' id='word_1_332' title='bbox 1795 4069 1848 4113; x_wconf 90' lang='lat' dir='ltr'>ki</span> <span class='ocrx_word' id='word_1_333' title='bbox 1871 4070 1925 4124; x_wconf 87' lang='lat' dir='ltr'>je</span> <span class='ocrx_word' id='word_1_334' title='bbox 1955 4069 2114 4114; x_wconf 87' lang='lat' dir='ltr'>takrat</span> <span class='ocrx_word' id='word_1_335' title='bbox 2143 4069 2282 4114; x_wconf 83' lang='lat' dir='ltr'>vsled</span> <span class='ocrx_word' id='word_1_336' title='bbox 2312 4069 2511 4126; x_wconf 63' lang='lat' dir='ltr'>prosnje</span> <span class='ocrx_word' id='word_1_337' title='bbox 2540 4079 2626 4124; x_wconf 88' lang='lat' dir='ltr'>pa-</span> 
     </span>
     <span class='ocr_line' id='line_1_40' title="bbox 319 4137 2301 4198; baseline 0.003 -18"><span class='ocrx_word' id='word_1_338' title='bbox 319 4137 499 4181; x_wconf 87' lang='lat' dir='ltr'>triarha</span> <span class='ocrx_word' id='word_1_339' title='bbox 531 4138 733 4183; x_wconf 88' lang='lat' dir='ltr'>Pavlina</span> <span class='ocrx_word' id='word_1_340' title='bbox 764 4141 943 4195; x_wconf 90' lang='lat' dir='ltr'>podelil</span> <span class='ocrx_word' id='word_1_341' title='bbox 975 4141 1182 4198; x_wconf 87' lang='lat' dir='ltr'>oglejski</span> <span class='ocrx_word' id='word_1_342' title='bbox 1214 4142 1379 4187; x_wconf 87' lang='lat' dir='ltr'>cerkvi</span> <span class='ocrx_word' id='word_1_343' title='bbox 1410 4153 1551 4187; x_wconf 89' lang='lat' dir='ltr'>razne</span> <span class='ocrx_word' id='word_1_344' title='bbox 1582 4142 1788 4198; x_wconf 89' lang='lat' dir='ltr'>pravice.</span> <span class='ocrx_word' id='word_1_345' title='bbox 1820 4143 1897 4188; x_wconf 92' lang='lat' dir='ltr'>Gl.</span> <span class='ocrx_word' id='word_1_346' title='bbox 1920 4143 1978 4188; x_wconf 66' lang='lat' dir='ltr'>st.</span> <span class='ocrx_word' id='word_1_347' title='bbox 2002 4149 2088 4188; x_wconf 89' lang='lat'>284</span> <span class='ocrx_word' id='word_1_348' title='bbox 2120 4143 2170 4187; x_wconf 87' lang='lat' dir='ltr'>in</span> <span class='ocrx_word' id='word_1_349' title='bbox 2202 4148 2301 4187; x_wconf 87' lang='grc'>285.</span> 
     </span>
    </p>
   </div>
   <div class='ocr_carea' id='block_1_15' title="bbox 2832 493 2872 3545">
    <p class='ocr_par' dir='ltr' id='par_1_16' title="bbox 2832 493 2872 3545">
     <span class='ocr_line' id='line_1_41' title="bbox 2832 493 2872 3545; baseline 0 0"><span class='ocrx_word' id='word_1_350' title='bbox 2832 493 2872 3545; x_wconf 95' lang='lat' dir='ltr'> </span> 
     </span>
    </p>
   </div>
  </div>
 </body>
</html>
