2872 4504
0 4418 23 4504 nv

1269 240 1336 295 St.
1367 255 1436 294 78.
2445 249 2499 289 79

373 422 519 475 Nato
554 421 610 488 je
648 423 820 490 prisel
859 424 1039 491 Helija
1080 443 1150 478 na
1190 427 1345 496 otok,
1385 426 1442 479 ki
1483 440 1546 478 se
1583 437 1724 477 zove
1761 421 1913 474 Buso
1936 418 1972 489 ¹)
2014 426 2096 473 ter
2132 419 2187 485 Je
2211 436 2316 473 eno
2346 420 2501 486 miljo

196 511 348 578 dolg.
388 510 474 564 Tu
509 509 565 576 J'e
606 511 680 563 bil
722 514 873 578 grad,
914 529 949 563 v
987 514 1234 567 katerem
1268 514 1324 579 je
1365 513 1654 581 prebivalo
1692 524 1899 576 mnogo
1940 507 2092 574 ljudi.
2131 509 2280 562 Atila
2315 507 2370 573 je
2410 509 2502 561 dal

198 601 339 668 grad
379 598 636 652 razrusiti
676 599 732 651 in
770 599 1009 670 poigati,
1048 603 1366 669 prebivalce
1405 617 1476 670 pa
1515 603 1587 655 do
1626 597 1891 666 zadnjega
1931 612 2032 650 vse
2071 596 2349 665 pomoriti.

372 687 458 740 Na
497 687 838 753 naslednjem
878 687 1109 758 otoku²)
1145 690 1201 755 je
1240 689 1426 757 Helija
1465 687 1747 744 ustanovil
1787 686 1996 741 cerkev
2037 701 2118 738 sv.
2159 684 2402 750 Andreja
2445 685 2501 737 in

195 792 266 845 pa
321 775 519 829 ienski
571 785 869 829 samostan.
929 778 1012 831 Ta
1067 779 1206 832 otok
1252 779 1309 845 je
1356 779 1474 833 sest
1520 778 1635 844 milj
1677 776 1825 844 dolg.
1878 774 1964 828 Na
2005 774 2193 827 koncu
2235 790 2325 827 mu
2367 773 2502 826 luka

194 866 319 919 dela
359 862 570 933 mejo.³)

371 951 558 1019 Helija
603 951 658 1018 je
698 953 882 1006 vladal
928 958 995 1007 14
1034 956 1123 1024 let,
1180 959 1248 1009 10
1295 969 1550 1009 mesecev
1589 954 1645 1007 in
1685 955 1752 1005 21
1796 948 1943 1021 dni4)
1995 957 2080 1005 ter
2120 951 2197 1003 bil
2237 950 2501 1018 pokopan

194 1056 232 1094 v
273 1041 470 1095 cerkvi
509 1056 593 1094 sv.
635 1041 922 1108 Evfemije.

370 1131 539 1182 Pauli
611 1133 842 1182 diaconi
891 1133 1154 1184 Historia
1202 1134 1494 1198 Langob.,·
1535 1132 1616 1202 111,
1667 1149 1707 1185 c.
1758 1146 1833 1196 14.
1894 1129 2052 1197 (MG.‚
2095 1129 2183 1180 SS.
2226 1145 2320 1180 rer.
2366 1130 2502 1178 Lan-

194 1220 334 1288 gob„
381 1216 530 1288 1oo):
576 1219 823 1288 „Mortuo
881 1237 1004 1270 vero
1055 1224 1195 1287 apud
1237 1223 1538 1290 Aquileiam
1586 1220 1876 1288 patriarcha
1916 1219 2164 1283 Probino,
2205 1222 2295 1286 qui
2339 1219 2502 1268 eccle-

193 1311 322 1358 siam
366 1326 533 1358 unum
576 1319 773 1357 rexerat
812 1326 967 1376 anno,
1009 1312 1176 1359 eidem
1219 1313 1463 1361 ecclesiae
1503 1312 1743 1360 sacerdos
1785 1309 1962 1362 Helias
2003 1305 2350 1376 praeficitur.“

371 1397 499 1450 Ibid.
533 1397 616 1466 111,
649 1414 690 1449 c.
726 1399 792 1447 26
834 1398 886 1469 (l.
921 1415 960 1452 c.
998 1418 1047 1465 p.
1086 1397 1231 1468 105):
1280 1401 1409 1469 „His
1451 1401 1634 1450 diebus
1676 1397 1922 1449 defuncto
1966 1398 2118 1447 Helia
2157 1397 2500 1465 Aquilegensi

192 1486 496 1553 patriarcha,
551 1499 836 1555 postquam
878 1490 1179 1556 quindecim
1236 1506 1403 1538 annos
1445 1489 1794 1539 sacerdotium
1835 1497 2075 1555 gesserat,
2114 1484 2338 1537 Severus
2379 1486 2502 1536 huic

192 1576 476 1625 succedens
515 1577 796 1643 regendam
839 1581 1067 1643 suscepit
1107 1575 1428 1629 ecclesiam.“

371 1664 626 1716 Cronica
666 1667 736 1717 de
775 1667 1024 1730 singulis
1064 1667 1418 1731 patriarchis
1461 1681 1614 1718 nove
1656 1667 1938 1731 Aquileie,
1992 1663 2325 1735 (MonticoIO,
2370 1663 2500 1715 Cro-

193 1753 357 1803 nache
400 1753 712 1813 Veneziane,
755 1754 790 1823 1,
831 1753 903 1823 8):
951 1797 977 1824 „
1008 1796 1019 1808 .
1045 1796 1089 1808 ..
1131 1768 1251 1821 post
1291 1773 1458 1806 annos
1501 1755 1547 1806 V
1587 1755 1666 1804 his
1707 1755 1955 1804 omnibus
1997 1756 2361 1820 suprascriptis
2387 1769 2500 1820 per·

193 1845 318 1892 actis
374 1845 427 1892 in
485 1845 596 1908 ipsa
646 1843 768 1893 sede
810 1845 1215 1911 metropolitana
1258 1844 1528 1905 Gradensi‚
1571 1843 1848 1894 defunctus
1891 1855 1967 1892 est
2007 1854 2501 1909 supramemoratus

191 1932 372 1981 Helias
414 1932 719 1998 patriarcha,
763 1936 853 2001 qui
895 1951 1061 1983 annos
1102 1932 1439 2001 pontificatus
1480 1937 1607 1984 rexit
1644 1933 1786 1983 XIIII
1828 1944 1878 1983 et
1918 1950 2122 1982 menses
2159 1933 2208 1982 X
2247 1933 2355 1982 dies
2380 1933 2501 1982 XXI

192 2032 242 2071 et
280 2022 519 2088 sepultus
560 2032 637 2071 est
676 2024 726 2071 in
770 2023 984 2072 ecclesia
1026 2024 1172 2092 beate
1213 2023 1504 2086 Eufemie.“

369 2110 711 2163 Chronieon
753 2112 1071 2164 Gradense.
1115 2111 1249 2164 Cod.
1278 2113 1393 2166 Vat.
1421 2112 1543 2164 Urb.
1567 2126 1692 2177 440.
1732 2110 2062 2181 (Monticolo‚
2088 2110 2362 2161 Cronache
2391 2111 2499 2162 Ve-

190 2202 422 2257 neziane,
466 2200 501 2260 1,
545 2198 670 2269 42):
715 2201 951 2270 „Dehinc
999 2204 1088 2267 (sc.
1135 2214 1255 2268 post
1295 2198 1608 2270 Probinum)
1665 2201 1858 2260 HeliaS‚
1917 2203 2155 2269 egregius
2196 2201 2501 2270 patriarcha,

191 2287 516 2338 Gradensem
568 2292 850 2358 regendam
899 2293 1128 2357 suscepit
1177 2291 1465 2359 ecclesiam.
1519 2293 1628 2358 ipse
1673 2293 1736 2339 in
1779 2291 1964 2340 eadem
2006 2291 2281 2359 ecclesiam
2324 2301 2498 2359 sancte

190 2376 421 2448 Eufimie
477 2382 617 2429 iuxta
671 2382 901 2429 nominis
955 2383 1328 2446 proprietatem
1382 2379 1629 2430 fabricare
1678 2382 1926 2447 precepit,
1982 2397 2107 2428 nam
2163 2380 2311 2448 quod
2351 2396 2500 2446 grece

189 2466 440 2536 Eusnnia,
481 2470 637 2519 latine
687 2471 824 2518 bona
868 2468 1039 2518 forma
1059 2465 1100 2538 ⁵)
1141 2480 1308 2521 sonat.
1351 2472 1402 2518 in
1445 2470 1627 2518 eadem
1670 2487 1887 2537 quoque
1930 2471 2144 2538 ecclesia
2186 2481 2500 2538 congregata

188 2558 530 2608 multitudine
579 2562 954 2625 episcoporum
1005 2576 1031 2607 a
1075 2559 1281 2608 Verona
1335 2576 1502 2627 usque
1542 2559 1890 2623 Pannoniam,
1943 2571 2241 2627 cunctoque
2283 2558 2500 2609 Venetie

190 2648 398 2713 populo
458 2659 767 2706 convocato,
833 2649 1129 2714 generalem
1187 2649 1436 2697 sinodum
1482 2648 1773 2698 celebravit.
1835 2651 1950 2714 ipso
1994 2665 2225 2716 namque
2260 2659 2499 2714 tempore

189 2751 410 2802 corpora
470 2748 764 2787 sanctarum
814 2739 1079 2803 virginum
1142 2737 1433 2787 secundum
1493 2737 1640 2804 quod
1694 2755 1722 2786 a
1780 2738 2066 2788 reverendo
2117 2738 2282 2788 Paulo
2339 2741 2498 2803 patri-

188 2824 341 2875 archa
402 2829 655 2892 scriptum
717 2825 886 2876 fuerat
945 2828 1267 2894 perquirens,
1325 2827 1574 2875 omnibus
1627 2827 1885 2886 revelavit,
1929 2828 2123 2896 quibus
2166 2830 2364 2877 cunctis
2406 2830 2496 2895 qui

187 2926 332 2964 erant
372 2917 423 2964 in
464 2914 666 2982 prefato
708 2916 932 2965 concilio
973 2918 1109 2983 visis,
1150 2916 1480 2965 celeberrime
1522 2933 1632 2981 1psa
1673 2932 1894 2983 corpora
1931 2919 2159 2966 venerati
2200 2914 2372 2966 sunt.“

368 3003 509 3063 lbid„
553 3003 688 3057 Cod.
730 3004 842 3057 Vat.
870 3004 993 3055 Urb.
1023 3019 1147 3069 440.
1186 3003 1237 3073 (l.
1267 3021 1307 3056 c.
1334 3022 1384 3071 p.
1412 3004 1503 3068 46,
1533 3001 1641 3074 47):
1689 3004 1864 3074 „Idem
1895 3022 2112 3073 quoque
2141 3008 2497 3056 sanctissimus
2566 3043 2574 3053 .

189 3092 366 3143 Helias
408 3093 698 3159 patriarcha
741 3096 790 3142 in
832 3095 1111 3159 littoribus,
1162 3111 1266 3162 que
1307 3111 1334 3142 a
1378 3092 1630 3143 Gradensi
1673 3096 1876 3144 civitate
1919 3112 2087 3163 usque
2131 3093 2498 3161 Caprulauum

187 3185 519 3250 episcopium
574 3184 887 3243 discurrunt,
954 3184 1211 3251 quasdam
1256 3181 1515 3232 edifficare
1558 3181 1678 3233 fecit
1718 3184 1957 3233 ecclesias
2000 3186 2050 3232 in
2093 3187 2267 3251 primo
2309 3186 2498 3250 littore,

187 3272 333 3338 quod
376 3274 514 3322 iuxta
556 3271 878 3322 Gradensem
921 3275 1099 3322 adesse
1129 3273 1456 3322 dinnoscitur
1483 3275 1758 3338 civitatem,
1795 3273 2059 3323 basilicam
2091 3277 2141 3321 in
2170 3273 2373 3324 honore
2403 3274 2497 3323 Dei

187 3371 237 3409 et
283 3364 593 3411 sanctissimi
649 3362 782 3411 Petri
825 3363 1188 3427 ape-stolorum
1234 3364 1482 3427 principis
1523 3359 1781 3412 edifficare
1823 3365 2070 3432 precepit,
2112 3364 2202 3412 ubi
2246 3374 2295 3413 et
2335 3379 2491 3413 ceno-

367 3508 397 3565 ¹)
443 3509 636 3565 Majhen
669 3510 786 3553 otok
820 3510 892 3565 pri
927 3510 1071 3554 izlivu
1103 3509 1218 3552 reke
1250 3509 1384 3553 Avse
1415 3521 1448 3551 v
1479 3510 1644 3564 morje.

365 3581 399 3630 ²)
437 3582 510 3626 To
535 3585 589 3638 je
620 3583 738 3627 otok
769 3596 843 3627 sv.
869 3584 1082 3637 Andreja
1114 3583 1223 3627 med
1255 3583 1404 3625 Porto
1437 3582 1572 3626 Buso
1603 3582 1652 3626 in
1685 3582 1834 3627 Porto
1867 3583 2096 3639 Lignano.

375 3655 407 3712 ⁸)
440 3656 698 3702 Dandanes
729 3658 778 3701 ni
810 3659 1009 3713 mogoce
1039 3657 1277 3709 razsoditi,
1302 3658 1353 3711 je
1386 3656 1519 3700 lires
1544 3656 1755 3712 patriarh
1776 3657 1936 3711 Heliia
1960 3658 2171 3714 postavil
2193 3671 2281 3703 vse
2313 3659 2496 3703 nastete

187 3728 362 3773 cerkve
393 3730 441 3774 in
475 3738 748 3776 samostane
781 3732 842 3775 ali
876 3744 936 3787 pa
968 3743 1022 3775 se
1055 3731 1367 3775 marsikatere
1399 3742 1612 3785 naprave
1644 3730 1815 3787 drugih
1847 3733 1966 3777 oseb
1998 3734 2159 3788 njemu
2192 3733 2494 3789 pripisujejo.
2530 3755 2533 3758 <

364 3801 398 3857 ⁴)
431 3804 608 3849 Vecina
632 3806 773 3849 virov
790 3806 1014 3862 (Croniea
1040 3806 1097 3849 de
1114 3805 1236 3860 sing.
1254 3809 1389 3860 patr.‚
1412 3803 1853 3849 Chron.Gradense
1869 3810 1941 3850 ter
1958 3807 2165 3851 Danduli
2204 3806 2497 3863 Chronicon)

188 3874 295 3930 trdi‚
336 3876 395 3919 da
420 3878 472 3931 je
504 3878 662 3933 Helija
694 3879 853 3924 vladal
888 3886 941 3923 14
975 3879 1053 3936 let,
1090 3885 1143 3922 10
1175 3890 1394 3922 mesecev
1426 3878 1470 3920 in
1506 3882 1559 3921 21
1596 3878 1688 3922 dni.
1725 3879 1798 3923 En
1829 3880 1905 3925 vir
1936 3881 2133 3927 (Chron.
2156 3882 2322 3926 Venet.
2348 3882 2495 3936 vulgo

191 3946 414 4001 Altinate)
446 3962 506 3994 ne
537 3954 963 4018 omenjaonevov,
995 3953 1177 3997 Paulus
1210 3953 1440 3996 diaconus
1473 3952 1520 3995 in
1553 3964 1613 4007 pa
1646 3953 1886 3998 Iohannes
1917 3955 2149 4000 diaconus
2180 3968 2241 4011 pa
2273 3958 2495 4011 navajata

190 4020 380 4064 nekako
432 4024 686 4079 „okroglo“
726 4027 916 4083 stevilo‚
963 4029 1153 4070 namrec
1190 4030 1240 4070 15
1275 4027 1351 4070 let.
1400 4026 1628 4081 Napaeno
1653 4028 1706 4082 je
1738 4027 1928 4088 stevilo,
1975 4030 2143 4075 katero
2176 4030 2429 4086 nahajamo
2462 4044 2494 4074 v

192 4091 314 4136 obeh
346 4094 521 4139 Chron,
543 4105 662 4152 patr.
688 4100 846 4154 Aquil-

375 4166 406 4223 ¹⁵)
438 4169 565 4214 Prav
596 4183 648 4215 za
680 4185 799 4227 prav
837 4174 984 4229 „bona
1020 4173 1186 4217 fama“.
