2872 4504
369 218 454 258 310
1414 201 1478 256 ἐι.
1511 216 1613 255 280.

370 394 508 442 viros
551 403 599 441 et
638 393 879 441 mulieres
907 401 955 439 et
979 390 1242 456 parvulos,
1284 390 1719 438 innumerabilem
1747 390 2139 439 multitudinem
2167 391 2350 440 exinde
2389 391 2665 444 ducebant.

370 480 439 530 Et
479 483 529 529 in
571 483 684 546 ipso
726 482 904 529 itinere
946 480 1075 528 obiit
1114 479 1251 527 bone
1293 480 1547 527 memorie
1573 477 2001 545 Enghilramnus,
2028 477 2420 528 Mediomatrice
2451 480 2663 529 ecclesie

370 568 810 636 archiepiscopus,
849 567 938 616 sed
981 578 1030 615 et
1069 565 1373 616 Sindbertus
1414 569 1694 632 episcopus
1734 565 1821 634 (sc.
1847 564 2267 636 Ratisbonensis)
2293 567 2362 616 ibi
2387 566 2668 617 defunctus

369 667 462 722 est,
505 667 554 705 et
593 671 678 704 rex
718 654 902 704 Carlus
942 655 1092 703 rediit
1133 657 1182 702 in
1224 654 1475 717 Paioaria,
1516 654 1817 721 ibidemque
1858 652 2132 721 gemavit.“

546 758 762 809 Chron.
790 758 1082 809 Moissiac.
1113 757 1178 806 ad
1217 774 1260 809 a.
1286 773 1383 822 791
1434 755 1708 825 (MG.SS.‚
1751 756 1786 817 I,
1833 754 1988 824 299):
2038 761 2226 816 „Anno
2273 774 2392 823 791.
2425 756 2522 806 fuit
2565 758 2667 808 Ka·

367 849 510 897 rolus
552 863 638 895 rex
677 849 728 895 in
770 845 1075 895 Wormacia
1117 856 1166 894 et
1205 847 1273 894 ibi
1315 846 1590 895 celebravit
1629 845 1843 911 pascha;
1887 857 1936 894 et
1975 856 2203 894 vertente
2235 862 2392 914 anno,
2430 862 2493 895 eo
2534 857 2667 895 tem·

367 951 495 1002 pore
537 951 643 1002 quo
685 935 854 983 solent
902 949 1044 999 reges
1085 934 1148 982 ad
1190 934 1322 982 bella
1363 935 1658 999 procedere,
1699 937 1867 983 movit
1906 936 2188 983 exercitum
2230 951 2388 983 suum
2425 936 2665 984 innume·

365 1024 594 1086 rabilem,
620 1033 669 1072 et
693 1023 817 1072 abiit
838 1033 1017 1071 contra
1039 1023 1466 1088 superbissimam
1495 1033 1702 1088 gentem
1731 1026 2043 1084 Avarorum.
2073 1021 2363 1090 Divisitque
2385 1025 2665 1072 exercitum

365 1129 520 1161 suum
566 1114 616 1160 in
658 1122 758 1160 tres
797 1121 983 1180 partes,
1026 1122 1075 1160 et
1115 1113 1345 1160 introivit
1399 1113 1507 1177 ipse
1553 1126 1646 1176 per
1686 1110 1976 1159 Baioariam
2019 1112 2069 1158 in
2111 1108 2241 1159 fines
2281 1111 2566 1160 Hunorum
2608 1127 2669 1159 ex

369 1200 651 1248 meridiana
708 1210 852 1266 parte
905 1199 1150 1256 Danubii,
1194 1210 1243 1248 et
1282 1199 1344 1247 de
1387 1200 1484 1248 alia
1524 1210 1667 1265 parte
1709 1198 1936 1248 Danubii
1978 1200 2109 1248 alius
2150 1202 2400 1248 exercitus
2440 1201 2670 1250 introivit

366 1288 746 1338 Ribuariorum
789 1299 840 1337 et
879 1287 1191 1338 Fresionum
1235 1299 1284 1337 et
1324 1287 1592 1337 Saxonum
1636 1304 1757 1337 cum
1784 1287 2054 1354 Toringis3
2094 1288 2184 1336 sed
2209 1298 2259 1337 et
2285 1288 2479 1337 navalis
2503 1286 2669 1337 hostis

365 1393 457 1443 per
497 1377 818 1434 Danubium,
862 1389 919 1426 ut
973 1393 1034 1426 ex
1084 1388 1302 1444 utraque
1361 1388 1504 1443 parte
1545 1392 1632 1426 rex
1672 1387 1982 1443 potestatem
2022 1375 2508 1444 habere-potuisset
2546 1393 2667 1427 cum

367 1469 591 1516 exercitu
633 1479 757 1525 suo;
801 1477 850 1515 et
889 1468 960 1515 sic
1001 1468 1231 1515 introivit
1271 1468 1319 1514 in
1362 1476 1548 1515 terram
1593 1466 1752 1529 illam,
1794 1460 1874 1514 isti
1914 1464 2051 1516 hinc.
2096 1476 2145 1515 et
2186 1465 2256 1514 illi
2284 1467 2419 1522 inde,
2464 1465 2668 1514 medius

364 1566 538 1605 autem
597 1555 846 1604 exercitus
894 1555 1105 1603 navalis.
1170 1554 1238 1604 Et
1295 1557 1538 1604 exterruit
1578 1570 1668 1604 eos
1709 1554 1972 1603 Dominus
2013 1557 2063 1602 in
2107 1564 2392 1620 conspectu
2434 1555 2560 1620 eius,
2602 1555 2668 1602 ita

364 1655 422 1693 ut
471 1644 646 1693 nullus
701 1645 745 1691 ei
798 1645 1029 1692 resistere
1083 1644 1314 1703 auderet,
1370 1644 1461 1692 sed
1517 1643 1840 1710 ubicumque
1881 1654 1971 1693 aut
2011 1641 2266 1692 fossatum
2310 1653 2399 1691 aut
2437 1643 2667 1709 aliquam

361 1731 660 1782 firmitatem
701 1735 808 1781 sive
850 1735 901 1781 in
943 1733 1212 1782 montibus
1254 1742 1343 1782 aut
1383 1735 1434 1781 in
1476 1731 1695 1781 flumina
1737 1743 1826 1781 aut
1867 1734 1915 1780 in
1959 1733 2098 1780 silvis
2127 1730 2321 1781 factum
2359 1730 2672 1799 habuerunt,

366 1823 537 1870 statim
597 1832 654 1871 ut
708 1823 817 1887 ipse
859 1831 948 1870 aut
995 1823 1245 1870 exercitus
1287 1823 1397 1870 eius
1438 1821 1506 1870 ibi
1548 1822 1772 1879 advenit,
1816 1823 2070 1870 continuo
2112 1831 2198 1870 aut
2237 1836 2291 1868 se
2331 1819 2670 1878 tradiderunt,

367 1920 458 1959 aut
497 1912 651 1959 occisi
694 1921 831 1977 sunt,
887 1920 977 1959 aut
1030 1926 1122 1976 per
1177 1909 1355 1978 fugam
1410 1911 1609 1977 dilapsi.
1673 1909 1774 1959 Sed
1814 1921 1865 1959 et
1903 1910 1987 1958 ille
2029 1910 2159 1959 alius
2199 1911 2468 1968 exercituS,
2509 1925 2668 1976 quem

365 1997 619 2064 Pippinus
661 1996 798 2048 filius
861 2000 972 2048 eius
1011 2000 1075 2048 de
1116 1998 1257 2048 Italia
1312 2001 1608 2058 transmisit,
1666 2001 1898 2048 introivit
1936 2001 1986 2046 in
2030 1997 2310 2067 Illyricum,
2351 2009 2399 2047 et
2439 1996 2672 2047 fecerunt

367 2087 435 2136 ibi
477 2089 713 2136 similiter
751 2099 1009 2137 vastantes
1050 2099 1099 2137 et
1139 2089 1473 2138 incendentes
1513 2098 1701 2136 terram
1745 2088 1903 2144 illam,
1945 2090 2081 2136 sicut
2119 2103 2205 2135 rex
2240 2085 2360 2136 fecit
2385 2102 2504 2136 cum
2533 2101 2670 2135 exer·

374 2177 477 2225 citu
519 2193 616 2225 suo
659 2178 746 2226 ubi
788 2179 897 2243 ipse
939 2188 1059 2230 erat.
1099 2175 1239 2227 Cum
1281 2188 1458 2226 autem
1497 2177 1709 2226 vidisset
1749 2191 1835 2225 rex
1875 2176 2118 2244 Karolus,
2157 2176 2303 2243 quod
2331 2177 2508 2225 nullus
2536 2177 2581 2224 ei
2607 2175 2674 2223 de

371 2274 515 2330 parte
569 2268 862 2315 Avarorum
890 2268 1145 2318 ¹resistere
1199 2282 1357 2315 ausus
1399 2276 1532 2314 esset
1572 2276 1662 2315 aut
1700 2267 1822 2325 suis,
1863 2276 1988 2314 tunc
2029 2267 2262 2314 circuivit
2300 2275 2484 2313 terram
2529 2263 2670 2312 illam

366 2368 457 2418 per
497 2353 606 2402 dies
647 2356 1031 2422 quinquaginta
1071 2355 1207 2404 duos
1258 2355 1584 2404 incendendo
1628 2365 1677 2404 et
1715 2354 1968 2403 vastando
2024 2365 2212 2403 terram
2261 2354 2435 2420 illam3
2491 2354 2580 2403 sed
2622 2363 2673 2402 et

366 2443 612 2507 praedam
655 2444 764 2492 sine
806 2459 1051 2493 mensura
1093 2454 1142 2493 et
1182 2459 1422 2511 numero,
1462 2454 1512 2492 et
1539 2445 1789 2511 captivos,
1816 2445 1953 2492 viros
1983 2453 2032 2492 et
2056 2443 2302 2492 mulieres
2331 2453 2381 2492 et
2407 2442 2675 2510 parvuIOS,

367 2531 800 2580 innumerabilem
844 2533 1242 2582 multitudinem
1285 2533 1467 2581 exinde
1507 2532 1789 2585 tulerunt.“

539 2634 690 2684 Arm.
718 2636 909 2688 Alam.
934 2636 998 2684 ad
1040 2652 1082 2687 a.
1113 2651 1220 2702 790
1261 2634 1402 2697 (ΜΟ.
1429 2634 1534 2696 SS.,
1562 2634 1597 2696 Ι,
1626 2632 1735 2704 57):
1780 2635 2044 2697 „Karolus
2084 2651 2185 2691 rex,
2228 2646 2501 2684 commoto
2532 2649 2670 2684 exer-

365 2722 470 2770 citu
494 2739 686 2790 magno
715 2722 1038 2774 Francorum
1066 2734 1116 2774 et
1142 2723 1411 2774 Saxonum
1440 2735 1596 2792 atque
1622 2723 1816 2774 Sclav
1835 2740 1866 2773 o
1884 2739 1957 2774 ru
1978 2741 2048 2781 m,
2079 2725 2300 2791 perrexit
2324 2726 2374 2772 in
2401 2725 2671 2790 regionem

367 2808 824 2881 Wandalorum¹),
863 2822 1052 2862 terram
1093 2813 1392 2882 devastavit,
1432 2823 1482 2863 et
1521 2829 1641 2863 cum
1671 2812 1863 2879 praeda
1890 2827 2124 2862 reversus
2166 2822 2242 2862 est
2281 2814 2332 2861 in
2374 2827 2517 2878 pace.
2560 2814 2675 2860 An-

368 2899 674 2965 gilrammus
715 2911 764 2949 et
804 2900 1110 2951 Sindbertus
1152 2902 1215 2951 de
1256 2900 1352 2952 hac
1391 2903 1507 2952 luce
1549 2903 1947 2970 migraverunt.“

548 2988 675 3042 Ibid.
700 2991 764 3039 ad
805 3007 845 3042 a.
873 3006 971 3057 791
1021 2989 1073 3060 (1.
1102 2988 1190 3060 c.):
1234 2991 1499 3053 „Karolus
1539 3006 1626 3040 rex
1665 2991 1992 3041 Hunnorum
2030 3005 2253 3057 regnum
2292 2987 2504 3042 vastat.“

544 3093 693 3145 Ann.
732 3093 935 3145 Petav.
976 3094 1041 3143 ad
1080 3110 1124 3143 a.
1155 3110 1253 3160 791
1315 3092 1460 3164 (MG.
1489 3093 1592 3153 SS.,
1636 3093 1673 3158 1,
1723 3095 1835 3161 17):
1894 3085 2048 3162 „Hoc
2103 3109 2244 3142 anno
2299 3093 2530 3142 domnus
2585 3107 2673 3140 rex

368 3180 592 3230 Karolus
649 3193 922 3232 commoto
980 3199 1173 3248 magno
1231 3186 1454 3233 exercitu
1512 3184 1733 3248 perrexit
1772 3185 1823 3231 in
1865 3181 2060 3242 Hunia,
2108 3183 2283 3249 ibique
2325 3179 2507 3231 habuit
2546 3196 2670 3231 con-

367 3268 565 3319 flictum
607 3286 860 3337 magnum
902 3287 1023 3320 cum
1065 3271 1254 3340 Hunis,
1293 3282 1343 3321 et
1369 3274 1586 3320 vastavit
1623 3270 1802 3320 Hunia
1855 3271 2008 3337 plaga
2054 3286 2244 3336 magna
2271 3286 2440 3337 usque
2469 3267 2669 3319 flumen

365 3357 522 3421 Rafa;
565 3374 683 3408 cum
726 3360 917 3426 praeda
957 3376 1163 3427 magna,
1207 3359 1320 3409 Deo
1361 3371 1682 3426 protegente,
1722 3361 1887 3409 victor
1926 3360 2133 3408 revertit
2171 3360 2222 3407 in
2265 3354 2586 3409 Franciam.“

546 3463 694 3515 Ann.
734 3462 922 3515 Guelf.
965 3464 1028 3512 ad
1070 3480 1114 3516 a.
1142 3480 1240 3529 791
1291 3461 1436 3533 (MG.
1463 3462 1571 3527 SS.,
1613 3462 1649 3520 Ι,
1691 3460 1808 3532 45);
1860 3461 2121 3527 „Karolus
2161 3477 2248 3511 rex
2286 3463 2509 3528 perrexit
2547 3477 2671 3510 cum

373 3560 471 3599 tres
513 3553 763 3601 exercitus
805 3554 856 3600 in
898 3552 1098 3620 Hunia3
1140 3564 1189 3602 et
1228 3554 1513 3602 devastavit
1564 3563 1752 3601 terram
1796 3551 2006 3602 illorum
2050 3567 2110 3600 ex
2149 3561 2309 3619 parte,
2349 3560 2398 3600 et
2436 3564 2679 3599 reversus

369 3649 445 3688 est
486 3640 681 3707 absque
723 3640 860 3690 bello
876 3636 933 3710 ²),
977 3651 1027 3690 et
1065 3643 1254 3691 resedit
1293 3641 1748 3710 Reganespuruc.“

540 3743 690 3794 Ann.
719 3744 943 3796 Mosell.
972 3745 1034 3794 ad
1078 3750 1256 3812 a.‘79o
1297 3742 1441 3815 (MG.
1469 3744 1575 3812 SS.,
1600 3743 1735 3806 XVI,
1771 3741 1930 3812 498):
1974 3742 2075 3812 „Et
2114 3743 2302 3792 eodem
2344 3758 2483 3792 anno
2525 3757 2673 3807 prae·

368 3828 500 3881 fatus
543 3831 730 3881 Karlus
772 3848 858 3882 rex
898 3832 996 3883 fuit
1035 3836 1086 3883 in
1128 3834 1307 3883 Hunia
1336 3836 1467 3884 circa
1494 3844 1705 3899 tempus
1734 3835 1992 3898 autumni,
2022 3842 2072 3882 et
2099 3831 2322 3881 eandem
2344 3833 2673 3897 provinciam

548 3990 580 4047 ι)
611 3992 646 4035 1.
669 4004 708 4036 e.
736 3992 809 4049 „in
840 3993 1084 4049 regionem
1115 3995 1435 4039 Avarorum“.

544 4065 578 4120 ²)
610 4065 708 4109 Ker
739 4078 796 4110 so
829 4066 947 4111 Obri
978 4068 1109 4122 takoj
1144 4068 1296 4112 bezali
1328 4074 1401 4112 ter
1431 4079 1485 4112 se
1515 4067 1624 4112 niso
1656 4066 1811 4112 merili
1841 4079 1867 4111 s
1890 4067 2121 4111 Frankissv
2141 4066 2257 4111 kaki
2281 4065 2509 4110 odloc‘ilni
2530 4064 2674 4122 bitki‚

362 4142 469 4183 zato
500 4138 593 4183 ima
623 4139 797 4184 analist
827 4153 961 4196 prav,
994 4142 1060 4185 ko
1090 4141 1198 4199 trdi,
1230 4142 1290 4186 da
1320 4141 1369 4185 ni
1401 4141 1500 4185 bilo
1533 4141 1780 4195 nobenega
1810 4140 1938 4195 boja.
