2872 4504
156 1420 330 1471 p.105.

150 2136 196 2179 p.
220 2127 320 2180 106.

152 2314 198 2357 p.
225 2307 322 2346 107.

376 258 457 299 116
1354 248 1356 250 ’
1436 243 1501 297 Ss.
1534 255 1606 297 96.

370 432 631 499 liavnosti
671 433 789 485 treh
845 429 1090 500 poglavij
1143 428 1648 499 (chalcedonskega
1699 429 2047 497 cerkvenega
2085 429 2290 500 zbora).
2309 429 2347 500 ¹)
2402 417 2515 485 Cez
2555 448 2663 486 eno

369 519 479 571 leto
499 515 539 586 ²)
578 533 644 571 so
682 533 744 571 se
783 517 1024 585 povrnili
1063 519 1114 571 iz
1154 519 1413 570 Ravenne
1450 533 1521 570 na
1560 516 1792 571 Gradei.
1833 517 1919 572 Tu
1960 533 2029 586 pa
2067 517 2313 584 ljudstvo
2336 521 2393 572 ni
2422 519 2525 574 vec':
2562 521 2662 574 ho-

368 605 479 658 telo
519 606 668 658 imeti
705 604 736 658 i
775 605 929 671 njimi
968 607 1206 673 opraviti
1245 606 1297 658 in
1340 605 1455 658 tudi
1493 605 1655 672 drugi
1694 604 1880 671 skofje
1915 605 1996 671 jih
2035 608 2162 660 niso
2200 608 2396 660 marali
2431 607 2492 661 se
2515 607 2666 673 dalje

368 695 673 761 priznavati
713 694 813 748 kot
851 694 994 747 take.
1034 693 1291 759 Patricija
1331 692 1634 760 Smaragda
1669 692 1725 758 je
1766 708 1834 761 pa
1869 709 1934 746 za
1957 693 2135 747 kazen
2162 696 2388 748 obsedel
2415 696 2663 749 hudobni

366 782 492 835 dub.
531 782 759 835 Povrnil
797 797 858 836 se
892 781 947 848 je
987 798 1023 835 v
1062 782 1347 851 Carigrad‚
1385 781 1464 834 ko
1497 780 1553 846 je
1592 780 1845 849 patrioija
1882 782 2125 835 Romana
2155 783 2308 836 dobil
2334 799 2399 836 za
2428 783 2663 852 svoJ'ega

366 871 707 924 naslednika.
724 869 764 934 ³)
783 882 785 885 ·
1337 862 1339 864 ’

543 961 791 1013 Patriarh
822 959 1018 1014 'Sever
1063 958 1119 1024 J'e
1159 959 1343 1011 vladal
1383 961 1448 1010 21
1493 959 1568 1010 let
1606 958 1664 1011 in
1703 961 1769 1010 31
1814 958 1923 1011 dni.
1974 957 2147 1024 K0.je
2173 961 2331 1028 umrl‚
2367 959 2421 1026 je
2455 961 2533 1012 bil
2561 976 2662 1029 po·

365 1049 554 1117 kopan
582 1064 616 1106 v
644 1049 839 1102 oerkvi
877 1063 958 1101 sv.
981 1046 1268 1112 Evfemije.
1309 1045 1407 1114 Tej
1436 1046 1630 1100 oerkvi
1650 1045 1707 1113 je
1730 1046 2000 1115 prepustil
2025 1046 2184 1113 svoje
2210 1047 2408 1114 imetje.
2448 1047 2661 1115 Svojim

364 1137 747 1191 duhovnikom
794 1136 851 1203 je
903 1135 1133 1206 narooil,
1181 1137 1251 1188 da
1289 1133 1379 1201 naj
1421 1150 1482 1188 se
1519 1134 1640 1200 zanj
1683 1133 1875 1200 daruje
1913 1135 2095 1188 vsako
2148 1137 2349 1189 soboto
2390 1152 2470 1190 sv.
2495 1139 2661 1192 masa.

363 1226 507 1280 Tudi
541 1225 597 1292 je
635 1225 857 1294 sklenil,
896 1227 966 1278 da
1003 1223 1092 1290 naj
1135 1240 1196 1277 se
1235 1224 1493 1277 ustanovi
1532 1225 1780 1290 posebna
1818 1223 1960 1276 miza
1998 1239 2061 1276 za
2101 1223 2311 1277 reveie.

542 1316 704 1366 Pauli
747 1316 976 1366 diaconi
1017 1315 1278 1365 Historia
1317 1313 1586 1378 Langob.,
1638 1312 1723 1371 ΙΙΙ,
1765 1329 1805 1364 c.
1849 1313 1915 1361 26
1955 1311 2100 1382 (MG.
2139 1313 2224 1363 SS.
2269 1329 2364 1365 rer.
2407 1315 2659 1382 Langob.,

364 1423 413 1471 p.
452 1401 782 1471 105—107):
819 1403 946 1464 „His
973 1403 1154 1451 diebus
1189 1400 1437 1450 defuncto
1467 1402 1619 1450 Helia
1645 1401 1985 1468 Aquilegensi
2028 1402 2332 1469 patriarcha,
2373 1416 2659 1472 postquam

364 1494 666 1562 quindecim
717 1509 884 1541 annos
937 1491 1288 1553 sacerdotium
1330 1501 1571 1556 gesserat,
1629 1490 1849 1539 Severus
1884 1489 2012 1539 ‘huic
2051 1493 2334 1541 succedens
2377 1495 2658 1559 regendam

361 1585 588 1648 suscepit
615 1582 900 1632 ecclesiam.
942 1579 1117 1640 Quem
1148 1579 1459 1629 Smaracdus
1492 1581 1736 1644 patricius
1764 1581 1977 1629 veniens
2000 1579 2063 1627 de
2093 1579 2340 1630 Ravenna
2362 1583 2414 1629 in
2438 1581 2660 1651 Gradus,

363 1688 454 1738 per
509 1683 674 1720 semet
725 1673 899 1736 ipsum
953 1686 978 1718 e
1021 1669 1226 1718 basilica
1269 1667 1556 1736 extrahens,
1609 1667 1911 1717 Ravennam
1956 1683 2076 1717 cum
2122 1670 2306 1718 iniuria
2347 1670 2494 1720 duxit
2535 1687 2656 1720 cum

362 1762 471 1810 aliis
513 1761 675 1809 tribus
716 1776 775 1808 ex
815 1753 1009 1808 Histria
1050 1759 1326 1825 episcopis,
1375 1756 1424 1805 id
1467 1767 1543 1805 est
1578 1755 1821 1805 Johanne
1864 1756 2140 1806 Parentino
2183 1769 2232 1806 et
2272 1757 2462 1808 Severo
2505 1770 2660 1827 atque

361 1850 658 1906 vindemio,
717 1864 922 1897 necnon
981 1850 1134 1896 etiam
1175 1849 1411 1895 Antonio
1469 1848 1572 1895 iam
1631 1829 1754 1895 sene
1811 1847 2054 1896 ecclesiae
2107 1845 2397 1900 defensore.
2450 1846 2658 1908 Quibus

361 1940 690 1988 comminans
720 1937 867 1986 exilia
909 1947 1064 2003 atque
1106 1937 1408 1985 violentiam
1451 1933 1692 1994 inferenS,
1736 1937 2129 1985 communicare
2170 1937 2410 2002 conpulit
2433 1935 2659 1987 Jobanni

360 2027 644 2077 Ravennati
702 2028 970 2094 episcop0,
1020 2028 1176 2074 trium
1232 2025 1586 2090 capitulorum
1642 2025 1951 2092 damnatori,
2003 2027 2093 2091 qui
2135 2041 2163 2077 a
2203 2035 2441 2091 tempore
2494 2042 2661 2092 papae

361 2117 532 2183 Vigilii
559 2113 575 2186 Η
600 2114 680 2164 vel
708 2114 898 2181 Pelagii
933 2131 960 2163 a
988 2113 1260 2164 Romanae
1288 2113 1532 2163 ecclesiae
1561 2113 1845 2162 desciverat
1884 2109 2190 2175 societate.⁸)
2231 2112 2492 2180 Exempto
2534 2131 2658 2165 vero

360 2222 515 2273 anno,
571 2222 596 2253 e
638 2205 886 2253 Ravenna
927 2203 992 2251 ad
1033 2201 1236 2252 Grados
1277 2204 1464 2251 reversi
1505 2213 1641 2254 sunt.
1695 2200 1903 2261 Quibus
1943 2217 2039 2251 nec
2078 2202 2226 2268 plebs
2267 2205 2658 2253 communicare

359 2295 541 2362 voluit,
568 2310 661 2343 nec
690 2295 840 2342 ceteri
865 2289 883 2362 Η
907 2294 1140 2357 episcopi
1171 2308 1260 2340 eos
1302 2301 1621 2357 receperunt.
1663 2289 1979 2340 Smaracdus
2020 2293 2264 2357 patricius
2305 2307 2335 2339 a
2374 2291 2660 2342 daemonio

360 2400 466 2433 non
495 2385 683 2431 iniuste
713 2391 998 2447 correptuS,
1039 2396 1396 2429 successorem
1425 2379 1731 2429 Romanum
1763 2381 2038 2444 patricium
2079 2381 2354 2446 accipiens,
2398 2378 2658 2430 Constan-

359 2472 642 2538 tinopolim
682 2467 981 2519 remeavit.“

533 2559 863 2624 Landulphi
889 2558 1122 2622 Sagacis
1141 2558 1622 2608 Additamentum
1648 2558 1720 2608 ad
1746 2557 2065 2607 Historiam
2094 2557 2416 2609 miseellam
2446 2558 2664 2627 (Migne,

352 2651 638 2718 Patrolog.,
685 2647 791 2700 Ser.
830 2649 930 2715 lat.,
968 2644 1130 2715 XCV,
1176 2643 1357 2714 1150):
1414 2646 1545 2715 „His
1588 2646 1772 2694 diebus
1814 2644 2064 2694 defuncto
2108 2645 2259 2695 Helia
2299 2647 2658 2714 Aquilegiensi

354 2738 657 2806 patriarcha,
716 2746 997 2803 postquam
1056 2736 1357 2802 quindecim
1401 2737 1548 2784 annis
1589 2735 1939 2784 sacerdotium
1985 2746 2224 2803 gesserat,
2275 2733 2497 2785 Severus
2536 2735 2660 2785 huic

354 2828 639 2878 succedens
664 2826 944 2892 regendam
982 2826 1210 2888 suscepit
1251 2823 1539 2877 ecclesiam.
1583 2822 1759 2882 Quem
1803 2822 2120 2889 Smaragdus
2161 2826 2406 2889 patricius
2446 2826 2662 2873 veniens

355 2918 419 2967 de
459 2917 709 2966 Ravenna
750 2917 801 2963 in
844 2913 1063 2981 Gradus,
1110 2929 1203 2979 per
1241 2915 1583 2978 semetipsum
1627 2929 1687 2961 ex
1743 2913 1952 2962 basilica
2012 2910 2298 2982 extrahens,
2352 2913 2660 2963 Ravennam

355 3024 478 3057 cum
533 3005 718 3072 injuria
759 3005 919 3060 duxit,
977 3019 1099 3052 cum
1140 3003 1250 3051 aliis
1290 3003 1454 3051 tribus
1497 3018 1557 3050 ex
1597 3001 1740 3051 Istria
1782 3004 2060 3068 episcopis,
2114 3002 2164 3051 id
2205 3013 2281 3051 est
2317 3002 2519 3052 Joanne
2562 3002 2654 3052 Pa·

354 3098 574 3153 rentino‚
619 3104 668 3143 et
692 3092 901 3149 Severo,
944 3102 1099 3158 atque
1127 3090 1425 3158 Vindemio,
1466 3107 1560 3140 nec
1585 3106 1693 3139 non
1722 3093 2140 3140 etiamAntonio
2182 3091 2285 3157 jam
2327 3108 2450 3140 sene
2492 3092 2656 3141 eccle-

354 3188 457 3234 siae
498 3182 786 3234 defensore.
841 3180 1049 3240 Quibus
1091 3182 1423 3229 comminans
1465 3180 1639 3228 exsilia
1681 3189 1837 3246 atque
1877 3180 2180 3229 violentiam
2225 3179 2466 3242 inferenS‚
2515 3197 2658 3230 com-

355 3275 620 3323 municare
646 3271 903 3336 compulit
928 3269 1116 3318 Joanni
1145 3268 1434 3318 Ravennati
1465 3271 1716 3334 episcopo
1749 3270 1908 3317 trium
1953 3269 2306 3335 capitulorum
2346 3269 2660 3338 damnatori,

353 3364 476 3430 quia
528 3372 766 3425 tempore
821 3375 986 3425 papae
1028 3357 1219 3424 Vigilii,
1278 3358 1357 3406 vel
1410 3357 1617 3426 Pelagii,
1670 3373 1697 3404 a
1749 3356 2022 3406 Romanae
2077 3357 2320 3407 ecclesiae
2377 3358 2661 3408 desciverat

530 3506 562 3560 ¹)
595 3507 801 3562 Najbrie
843 3504 1024 3561 patricij
1070 3504 1301 3560 Smaragd
1345 3504 1394 3548 ni
1425 3504 1540 3549 tako
1586 3503 1883 3548 neclovesko
1923 3503 2149 3560 postopal
2190 3517 2214 3546 z
2245 3503 2482 3549 istrskimi
2513 3504 2659 3562 skofi,

350 3582 508 3626 kakor
538 3592 650 3624 nam
679 3580 908 3635 porocajo
941 3577 1191 3633 ohranjeni
1222 3577 1329 3631 viri,
1360 3577 1412 3622 ki
1442 3589 1505 3634 pa
1536 3590 1594 3622 so
1625 3577 1786 3634 pisani
1817 3589 1843 3621 s
1876 3577 2260 3633 strankarskega
2291 3576 2499 3623 stalisca.

528 3653 563 3709 ²)
594 3653 799 3709 Najbrie
830 3651 924 3697 leta
956 3655 1056 3697 587.
1082 3652 1145 3696 ali
1178 3654 1282 3696 588.

530 3727 562 3784 ⁸)
594 3726 785 3781 Patricij
819 3726 1049 3781 Smaragd
1080 3736 1134 3770 se
1157 3727 1210 3781 je
1242 3725 1436 3781 najbrie
1459 3739 1492 3770 v
1513 3724 1623 3781 prvi
1653 3724 1869 3781 polovici
1900 3724 1995 3769 leta
2017 3729 2120 3771 590.
2144 3724 2338 3781 povrnil
2364 3724 2406 3768 iz
2430 3725 2660 3769 Ravenne

349 3818 381 3848 v
414 3801 659 3857 Carigrad.
690 3801 880 3855 Njegov
910 3799 1164 3844 naslednik
1196 3813 1228 3843 v
1259 3799 1478 3844 Ravenni
1501 3801 1554 3855 je
1585 3798 1746 3855 postal
1777 3798 1961 3854 patricij
1996 3799 2198 3842 Roman.

527 3873 564 3928 ⁴)
597 3873 877 3918 Ravennski
907 3873 1024 3917 skof
1053 3873 1171 3917 Ivan
1206 3872 1254 3916 ni
1289 3872 1493 3928 odpadel
1532 3872 1595 3916 od
1630 3871 1813 3916 rimske
1851 3872 2042 3929 cerkve,
2072 3871 2193 3927 kajti
2212 3870 2279 3915 bil
2303 3872 2347 3925 je
2367 3870 2657 3927 nasprotnik

349 3955 470 3993 trem
500 3946 773 4004 poglavjem
804 3945 1214 4001 chalcedonskega
1245 3946 1543 4001 eerkvenega
1574 3945 1730 3990 zbora.
1767 3945 1843 3990 On
1874 3946 1994 4000 torej
2029 3945 2079 3988 ni
2110 3944 2177 3989 bil
2199 3944 2469 4002 razkolnik,
2499 3943 2659 3988 kakor

349 4022 443 4066 trdi
483 4022 642 4076 zgoraj
685 4020 918 4065 navedeni
965 4020 1054 4076 vir,
1100 4020 1189 4075 pac
1234 4031 1296 4076 pa
1338 4031 1395 4063 so
1426 4018 1511 4063 bili
1541 4018 1744 4063 heretiki
1776 4018 1989 4074 patriarh
2021 4018 2170 4064 Sever
2200 4019 2249 4062 in
2280 4017 2449 4062 istrski
2481 4018 2660 4073 skofje,

351 4094 521 4139 dokler
567 4105 620 4138 se
659 4093 767 4137 niso
812 4094 1005 4137 zdruiili
1043 4107 1067 4136 z
1099 4094 1415 4138 ravennskim
1446 4093 1655 4137 skofom.
1701 4093 1910 4148 PozneJe
1942 4105 1999 4136 so
2034 4098 2171 4148 zopet
2203 4092 2453 4148 prestopili
2485 4092 2519 4135 k
2551 4103 2654 4136 raz-

350 4167 602 4212 kolnistvu
632 4171 704 4211 ter
734 4179 766 4210 v
796 4167 938 4211 novic':
969 4167 1162 4222 sprejeli
1194 4167 1352 4211 nauke
1383 4165 1487 4210 treh
1518 4166 1748 4221 poglavij.
