2872 4504
316 240 405 279 244
1363 224 1428 279 ἐι.
1462 241 1563 282 199.

313 413 516 466 Pemon
559 428 596 465 v
634 412 794 478 tretje
846 412 1080 480 napadel
1134 410 1424 476 Slovence,
1472 412 1554 478 jih
1588 411 1645 478 je
1696 413 2034 481 popolnoma
2089 416 2384 482 premagal.
2435 416 2617 470 Izmed

311 499 717 568 Langobardov
750 500 807 567 je
845 500 1006 569 padel
1045 515 1082 552 v
1119 507 1226 553 tem
1267 499 1398 565 boju
1436 515 1592 553 samo
1626 499 1765 567 jako
1804 501 2027 569 priletni
2066 500 2327 574 Siguald,
2355 503 2534 557 kateri
2557 503 2614 571 je

310 587 374 641 ie
413 603 449 641 v
487 587 717 656 prejsnji
755 588 946 655 vojski
985 589 1095 656 pod
1134 588 1456 641 Ferdulfom
1495 588 1702 656 izgubil
1741 590 1849 642 dva
1889 590 2027 642 sina.
2082 590 2259 643 Zarad
2297 597 2422 659 tega
2461 607 2523 645 se
2558 592 2616 658 J'e

309 690 348 728 v
386 676 506 728 treh
545 675 698 742 bojih
737 675 1016 730 masoeval
1069 676 1178 728 nad
1229 673 1509 729 Slovenci.
1549 706 1620 714 —
1662 676 1868 730 Pemon
1918 676 1972 742 je
2022 677 2169 731 sicer
2219 678 2404 732 takrat
2459 681 2616 748 pobil

309 779 516 831 mnogo
553 763 947 833 sovrainikov,
973 780 1005 816 a
1030 763 1134 816 ker
1171 779 1233 817 se
1268 763 1324 829 J'e
1362 764 1468 831 bal,
1492 765 1562 816 da
1588 779 1658 816 ne
1686 764 1742 817 bi
1781 765 1991 833 izgubil
2029 765 2091 819 se
2129 766 2395 835 katerega
2433 767 2615 821 izmed

309 850 494 918 svojih
533 850 685 922 liudi,
719 851 775 918 je
813 851 920 904 kar
958 867 1029 905 na
1068 850 1284 918 bojisou
1325 851 1535 905 sklenil
1575 852 1679 904 mir
1717 867 1745 906 s
1784 850 2065 906 Slovenci.
2124 852 2211 907 Od
2248 854 2402 908 tistih
2443 853 2615 909 easov

308 955 375 994 so
413 955 474 994 se
512 940 554 993 ti
593 938 804 1006 (zedalje
842 938 954 1006 bolj
997 938 1171 993 zaoeli
1211 939 1321 992 bati
1360 939 1722 1008 furlanskega
1763 939 1969 1007 oroija.
1987 939 2026 1010 ¹)

483 1030 652 1081 Pauli
694 1030 925 1081 diaconi
975 1029 1122 1080 Hist.
1151 1029 1427 1094 Langob.‚
1471 1028 1554 1081 VI.
1581 1045 1623 1084 c.
1650 1044 1716 1093 45
1774 1028 1916 1099 (MG.
1947 1030 2018 1080 SS
2064 1047 2159 1084 rer.
2183 1031 2433 1101 Langob.,
2468 1030 2612 1102 18o):

312 1118 487 1188 „Qu0‚
527 1130 584 1168 ut
623 1114 912 1186 diximus,²)
954 1121 1004 1166 in
1045 1129 1282 1184 tempore
1323 1117 1546 1167 Pemmo
1582 1117 1917 1168 Foroiulanis
1958 1131 2190 1185 praeerat
2229 1119 2610 1187 Langobardis.

307 1207 352 1258 Is
405 1225 526 1258 cum
581 1211 684 1257 iam
739 1207 1017 1265 nobilium,
1074 1223 1210 1273 quos
1268 1222 1391 1255 cum
1445 1208 1552 1255 suis
1605 1209 1737 1256 natis
1794 1211 2058 1267 nutrierat,
2100 1206 2237 1258 filios
2278 1226 2367 1259 eos
2408 1212 2510 1259 iam
2551 1212 2616 1260 ad

311 1298 594 1348 iuvenilem
635 1297 958 1362 perduxisset
997 1305 1235 1364 aetatem,
1275 1306 1487 1360 repente
1530 1298 1573 1343 ei
1615 1298 1832 1344 nuntius
1873 1298 2028 1365 venit,
2055 1299 2358 1347 *inmensam
2402 1297 2616 1349 Sclavo-

305 1403 427 1437 rum
468 1385 867 1435 multitudinem
907 1385 958 1432 in
998 1384 1179 1433 locum
1222 1385 1312 1450 qui
1353 1382 1616 1434 Lauriana
1656 1385 1843 1434 dicitur
1883 1385 2201 1439 adventasse.
2241 1385 2383 1436 Cum
2423 1388 2617 1455 quibus

305 1477 389 1526 ille
431 1475 709 1526 iuvenibus
751 1488 910 1538 super
950 1473 1165 1522 eosdem
1206 1471 1420 1522 Sclavos
1461 1476 1620 1522 tercio
1664 1476 1891 1538 inruens,
1949 1491 2138 1541 magna
2180 1491 2269 1524 eos
2310 1476 2453 1525 clade
2495 1492 2615 1542 pro-

307 1567 511 1624 stravit;
554 1579 649 1612 nec
690 1562 916 1628 amplius
957 1562 1025 1611 ibi
1067 1562 1254 1628 aliquis
1295 1577 1324 1609 a
1364 1572 1506 1627 parte
1547 1561 2019 1628 Langobardorum
2061 1564 2245 1613 cecidit
2270 1581 2428 1631 quam
2471 1563 2615 1614 Sicu-

307 1655 471 1722 alduS‚
513 1655 602 1721 qui
631 1662 738 1702 erat
778 1654 882 1700 iam
923 1661 1086 1700 aetate
1128 1652 1468 1718 grandaevus,
1510 1649 1607 1700 Iste
1633 1668 1863 1718 namque
1891 1654 1941 1701 in
1972 1654 2226 1719 superiori
2254 1669 2449 1721 pugna,
2479 1671 2614 1721 quae

302 1745 402 1794 sub
443 1740 693 1792 Ferdulfo
736 1739 869 1790 facta
911 1750 1001 1799 est,
1044 1740 1180 1789 duos
1235 1737 1372 1788 filios
1428 1742 1686 1789 amiserat.
1750 1740 1856 1801 Qui
1914 1757 2034 1791 cum
2088 1744 2257 1808 prima
2298 1753 2347 1791 et
2385 1742 2614 1792 secunda

304 1834 414 1883 vice
456 1834 595 1881 iuxta
635 1830 963 1880 voluntatem
1003 1845 1152 1878 suam
1196 1845 1249 1877 se
1291 1830 1354 1878 de
1396 1828 1589 1879 Sclavis
1619 1831 1758 1879 ultus
1787 1841 1933 1891 esset,
1960 1833 2115 1880 tercia
2142 1833 2271 1893 vice,
2301 1830 2613 1897 prohibente

304 1921 437 1970 duce
479 1932 528 1970 et
567 1921 678 1970 aliis
718 1918 1095 1987 Langobardis‚
1153 1935 1261 1968 non
1302 1921 1478 1984 potuit
1517 1917 1753 1978 inhiberi,
1795 1920 1885 1968 sed
1927 1922 1994 1969 ita
2030 1921 2102 1969 eis
2129 1922 2422 1986 respondit:
2472 1919 2614 1980 „Iam

303 2012 477 2079 satis“,
528 2012 715 2079 inquit,
756 2025 1033 2077 „meorum
1091 2007 1325 2059 filiorum
1379 2020 1607 2059 mortem
1647 2010 1919 2079 vindicavi,
1969 2021 2019 2060 et
2074 2012 2194 2079 iam,
2248 2013 2288 2059 si
2330 2010 2610 2069 advenerit,

305 2099 472 2149 laetus
513 2100 793 2164 suscipiam
836 2095 1111 2151 mortem.“
1181 2097 1508 2166 Factumque
1561 2109 1650 2156 est,
1695 2109 1744 2148 et
1783 2101 1892 2166 ipse
1932 2099 2077 2149 solus
2118 2101 2169 2148 in
2211 2100 2392 2148 eadem
2435 2115 2614 2166 pugna

303 2199 608 2254 peremptus
651 2197 742 2240 est.
785 2187 1007 2237 Pemmo
1034 2203 1158 2237 vero
1202 2204 1322 2237 curn
1364 2188 1562 2237 multos
1592 2190 1927 2238 inimicorum
1956 2191 2329 2254 prostravisset,
2372 2199 2612 2238 metuens

304 2294 369 2326 ne
410 2277 642 2344 aliquem
683 2292 904 2327 suorum
945 2277 1172 2343 amplius
1214 2279 1264 2325 in
1305 2277 1440 2326 bello
1468 2277 1720 2342 perderet,
1751 2293 1871 2327 cum
1902 2277 2098 2327 eisdem
2123 2275 2316 2327 Sclavis
2342 2279 2393 2326 in
2421 2277 2611 2327 eodem

301 2367 421 2417 loco
475 2369 616 2433 pacis
670 2366 1008 2415 concordiam
1060 2367 1198 2434 iniit3
1264 2376 1422 2433 atque
1463 2382 1524 2414 ex
1564 2366 1652 2415 illo
1696 2368 1795 2415 iam
1851 2376 2088 2433 tempore
2140 2368 2306 2432 magis
2346 2381 2404 2416 ac
2444 2368 2610 2433 magis

303 2466 591 2521 coeperunt
631 2454 797 2505 Sclavi
839 2453 1286 2506 Foroiulanorum
1327 2470 1470 2504 arma
1512 2453 1843 2507 formidare.“

484 2571 513 2628 ι)
544 2571 673 2616 Kaie
718 2583 787 2629 se,
839 2572 899 2616 da
930 2571 1152 2616 Pavlovo
1199 2571 1613 2627 pripovedovanje
1659 2583 1721 2615 ne
1766 2571 2034 2627 odgovarja
2079 2571 2373 2629 popolnoma
2418 2571 2608 2617 resnici.

300 2634 490 2703 Ceprav
504 2648 557 2702 je
577 2646 676 2690 bilo
709 2646 978 2691 Slovencev
1002 2645 1131 2689 silno
1154 2645 1316 2690 veliko
1341 2645 1655 2702 („inmensam
1677 2645 2087 2702 multitudinem“),
2110 2647 2219 2691 niso
2242 2646 2609 2702 Langobardom

301 2720 501 2765 naredili
547 2720 695 2775 druge
742 2720 908 2777 skode,
956 2719 1118 2764 kakor
1148 2724 1212 2777 το,
1261 2719 1321 2764 da
1354 2731 1410 2764 so
1442 2719 1594 2775 pobili
1625 2730 1774 2775 enega
1820 2731 2015 2776 samega
2061 2720 2368 2776 starikavega
2413 2721 2608 2775 vojaka.

297 2795 407 2839 Kdo
438 2796 515 2850 naj
549 2799 599 2838 to
630 2795 842 2849 verjame
861 2793 885 2836 Ρ
918 2793 1068 2838 Pavel
1099 2793 1297 2848 dijakon
1320 2793 1472 2850 pravi,
1505 2793 1565 2838 da
1589 2806 1648 2838 so
1673 2793 1897 2839 Slovenci
1919 2807 1951 2838 v
1975 2796 2037 2850 tej
2070 2794 2191 2839 bitki
2214 2794 2406 2850 izgubili
2430 2806 2608 2850 mnogo

297 2868 461 2923 svojih
492 2867 626 2924 ljudij
660 2873 733 2912 ter
762 2868 846 2911 bili
876 2867 1165 2924 premagani,
1196 2879 1224 2911 a
1246 2867 1428 2912 vendat
1458 2880 1516 2912 so
1541 2867 1684 2911 ostali
1706 2880 1766 2912 na
1789 2868 1994 2923 bojiseu.
2027 2869 2151 2913 Tudi
2174 2873 2224 2913 to
2248 2870 2292 2922 ie
2314 2870 2608 2924 neverjetnO.

297 2943 409 2987 Ako
434 2944 486 2998 je
516 2942 616 2986 kak
647 2941 898 2997 poveljmk
927 2941 1104 2996 izgubil
1134 2953 1311 2996 mnogo
1343 2942 1559 2996 vojakov
1589 2947 1662 2986 ter
1693 2941 1759 2985 bil
1790 2954 2062 2998 premagan,
2087 2944 2141 2998 je
2172 2947 2351 2999 gotovo
2373 2942 2607 3001 prisiljen,

298 3017 357 3062 da
402 3018 503 3073 prej
547 3016 613 3060 ko
655 3017 854 3071 mogoee
899 3016 1084 3071 zapusti
1131 3015 1327 3071 bojisee.
1360 3040 1414 3046 —
1449 3015 1599 3060 Pavel
1645 3016 1844 3071 dijakon
1891 3019 2094 3074 omenja‚
2142 3017 2202 3061 da
2232 3028 2287 3061 se
2319 3019 2362 3071 je
2394 3017 2607 3072 vojvoda

297 3092 481 3136 Pemon
527 3090 621 3148 bal,
667 3091 727 3136 da
758 3102 817 3134 ne
849 3090 898 3135 bi
928 3089 1105 3145 izgubil
1136 3090 1190 3135 se
1221 3089 1410 3145 kakega
1453 3090 1633 3145 vojaka
1663 3091 1713 3134 in
1744 3095 1850 3135 zato
1883 3092 1929 3146 je
1960 3091 2051 3135 kar
2091 3103 2153 3136 na
2194 3091 2382 3147 boJiseu
2429 3090 2607 3136 sklenil

296 3165 387 3210 mir
415 3177 443 3210 s
473 3164 765 3210 sovrainiki.
797 3164 935 3209 Tako
966 3176 1027 3208 ne
1058 3163 1230 3219 govori
1262 3163 1400 3220 pravi
1431 3164 1700 3220 poveljnik.
1734 3157 1803 3209 Ce
1833 3164 1884 3208 bi
1914 3165 1981 3209 bil
2014 3165 2198 3210 Pemon
2229 3177 2310 3210 res
2342 3165 2417 3222 pri
2449 3165 2606 3210 Lava-

297 3239 435 3284 rianu
466 3237 708 3294 premagal
739 3237 988 3294 Slovence,
1019 3249 1079 3281 ne
1110 3237 1158 3281 bi
1189 3236 1257 3281 bil
1288 3239 1312 3280 Ξ
1343 3237 1480 3291 njimi
1509 3237 1698 3293 sklepal
1728 3238 1866 3295 mira,
1897 3239 1986 3294 pac
2017 3250 2079 3295 pa
2110 3238 2158 3283 bi
2182 3239 2251 3294 iih
2275 3239 2342 3284 bil
2364 3239 2555 3295 zapodil
2578 3251 2605 3284 s

296 3313 545 3358 furlanske
568 3312 749 3367 zemlje.
782 3312 893 3356 Kak
913 3311 1047 3356 strah
1068 3313 1145 3367 naj
1170 3311 1217 3354 bi
1249 3311 1378 3355 imeli
1409 3311 1633 3356 Slovenci
1655 3312 1773 3367 pred
1794 3311 2005 3369 Furlani,
2037 3313 2132 3357 ako
2157 3313 2321 3370 vidijo,
2352 3313 2411 3358 da
2437 3314 2481 3368 ie
2503 3313 2605 3369 nJih

295 3387 507 3442 vojvoda
552 3385 678 3430 hitro
725 3384 1022 3441 pripravljen
1068 3385 1263 3429 skleniti
1307 3384 1412 3442 mir,
1458 3385 1525 3428 ko
1572 3396 1654 3429 mu
1700 3386 1881 3430 vendar
1925 3387 2187 3431 sovrainik
2234 3387 2288 3432 se
2329 3387 2379 3431 ni
2420 3386 2604 3432 naredil

295 3461 482 3506 nobene
507 3461 654 3515 druge
676 3460 843 3517 skode,
874 3459 1033 3503 kakor
1062 3464 1127 3516 to,
1159 3459 1219 3503 da
1249 3471 1330 3502 mu
1354 3461 1407 3514 Je
1436 3458 1570 3515 pobil
1600 3471 1749 3514 enega
1779 3471 1973 3516 samega
2002 3461 2160 3505 moia!
2192 3461 2242 3504 Iz
2264 3473 2413 3516 vsega
2445 3461 2604 3517 pripo-

295 3535 565 3590 vedovanja
595 3534 645 3578 bi
674 3545 728 3578 se
758 3533 912 3577 smelo
944 3533 1162 3589 sklepati‚
1196 3533 1256 3577 da
1287 3545 1345 3576 so
1379 3532 1534 3577 takrat
1565 3532 1788 3578 Slovenci
1818 3533 2079 3589 premagali
2111 3533 2332 3592 Furlane,
2365 3536 2503 3580 Cesar
2537 3546 2600 3591 pa

294 3609 444 3653 Pavel
476 3608 674 3663 dijakon
703 3608 752 3651 ni
784 3607 914 3651 hotel
944 3607 1182 3663 povedati.

472 3683 601 3726 Kaio
632 3694 700 3738 se,
746 3682 806 3726 da
838 3682 883 3735 ie
914 3682 1098 3725 Pemon
1128 3695 1161 3726 v
1191 3681 1349 3726 tistem
1390 3682 1507 3726 casu
1538 3693 1618 3725 res
1649 3681 1827 3725 sklenil
1868 3681 1961 3725 mir
1991 3694 2018 3726 s
2048 3681 2286 3738 Slovenci,
2332 3681 2422 3726 ker
2452 3695 2486 3727 v
2516 3693 2602 3725 na-

295 3755 503 3811 slednjih
532 3754 647 3799 letih
678 3766 732 3799 se
763 3767 874 3798 nam
904 3766 964 3799 ne
994 3756 1174 3810 poroea
1205 3767 1235 3798 o
1268 3756 1505 3800 nobenem
1536 3755 1849 3799 slovenskem
1879 3755 2070 3811 napadu
2099 3767 2162 3799 na
2192 3755 2480 3800 Furlansko.
2526 3754 2602 3799 Da

288 3831 341 3885 je
374 3829 525 3884 odslej
575 3828 668 3883 dalj
719 3830 830 3873 casa
875 3829 982 3873 med
1029 3829 1295 3873 Pemonom
1325 3830 1375 3873 in
1406 3829 1633 3875 Slovenci
1678 3829 1840 3874 vladal
1886 3829 1991 3886 mir,
2035 3829 2089 3883 je
2119 3828 2348 3873 razvidno
2392 3828 2435 3871 iz
2476 3828 2601 3872 neke

294 3903 450 3946 notice
482 3902 633 3946 Pavla
665 3901 908 3959 dijakona‚
953 3916 986 3947 v
1018 3902 1172 3947 kateri
1202 3903 1531 3960 pripoveduje,
1572 3903 1632 3947 da
1656 3904 1709 3958 je
1741 3903 1925 3946 Pemon
1955 3901 2086 3946 hotel
2117 3914 2144 3946 s
2174 3901 2371 3956 svojimi
2399 3901 2600 3958 pristasi

295 3975 473 4020 zbeiati
504 3989 536 4020 v
567 3975 728 4019 deielo
776 3974 1058 4034 Slovencev,
1105 3976 1171 4020 ko
1203 3988 1257 4021 se
1280 3978 1333 4032 je
1374 3975 1567 4021 zameril
1611 3976 2050 4031 langobardskemu
2094 3975 2257 4031 kralju
2303 3975 2599 4031 Liutprandu

296 4049 382 4104 (gl.
415 4049 535 4093 stev.
569 4047 686 4105 213).
731 4049 843 4092 Ako
885 4062 939 4094 se
981 4051 1165 4094 Pemon
1196 4062 1256 4095 ne
1286 4050 1336 4094 bi
1367 4050 1435 4094 bil
1465 4049 1795 4106 izpoprijaznil
1825 4061 1852 4094 s
1882 4049 2122 4108 Slovenci,
2167 4061 2228 4093 ne
2258 4049 2307 4093 bi
2338 4049 2405 4093 bil
2437 4048 2598 4105 mogel

294 4123 457 4169 misliti
488 4135 550 4167 na
580 4128 645 4180 to,
677 4123 737 4167 da
767 4123 815 4167 bi
847 4124 954 4168 med
983 4124 1120 4179 njimi
1151 4124 1288 4168 nasel
1319 4136 1471 4169 varno
1502 4125 1699 4179 zavetje.

475 4195 509 4253 ¹)
540 4196 639 4241 Cfr.
674 4197 809 4241 Paul.
843 4197 976 4255 diac.,
1007 4198 1089 4256 VI,
1123 4209 1163 4243 c.
1194 4201 1266 4244 26.
