2872 4504
0 0 50 186 ’vr-sm

1200 240 1268 284 St.
1295 244 1368 295 72,
1401 243 1456 283 73
2450 237 2504 276 73

189 435 293 485 que
334 417 399 466 ad
440 433 565 465 eum
592 418 819 483 invenit3
861 419 950 483 qui
979 418 1459 484 Longobardorum
1487 417 1683 466 rabiem
1707 422 1961 471 met-aem,
2004 427 2064 459 ex
2087 410 2309 459 eandem
2336 413 2499 477 Aqui-

189 507 321 572 legia
349 505 414 554 ad
443 503 678 554 Gradum
709 507 876 554 insula
906 504 1144 573 confugit
1171 521 1458 572 secumque
1488 503 1770 553 beatissimi
1798 501 2022 549 martiris
2052 497 2277 563 Quirini,
2321 499 2504 547 Hillari

191 607 242 644 et
266 593 483 642 Taciani
526 603 575 641 et
615 603 906 642 ceterorum
949 604 1252 642 sanctorum
1295 608 1517 657 corpora
1559 590 1853 656 deportavit
1887 598 1938 637 et
1958 587 2100 652 apud
2124 588 2344 635 eandem
2380 586 2511 635 Gra-

190 684 407 732 densem
447 683 709 730 civitatem
749 697 872 730 cum
912 680 1115 730 honore
1147 682 1455 747 dignissimo
1484 679 1719 730 condidit
1739 680 1790 726 in
1820 677 2033 726 ecclesia
2061 677 2223 724 sancti
2250 674 2496 723 Iohannis

191 771 428 836 baptiste,
474 784 567 834 per
616 768 751 818 hanc
801 770 1176 818 revelationem
1219 769 1366 836 quod
1415 769 1482 817 ad
1536 785 1660 817 eum
1702 767 1927 815 Paulum
1966 763 2254 829 patriarcha
2296 766 2509 815 invenit.

191 858 514 924 Composuit
553 859 660 906 sive
702 860 811 922 ipse
853 860 1056 922 scripsit
1084 857 1509 906 Translationem
1534 846 1836 906 sanctorum
1869 868 2105 920 corpora,
2147 851 2510 902 festivitatibus

192 960 243 997 et
283 947 476 996 natales
520 947 732 996 illorum
774 948 1069 996 constituit:
1114 946 1457 1013 quadraginta
1499 956 1549 994 et
1588 945 1696 993 duo
1739 945 2010 992 martirum
2051 952 2237 991 octavo
2266 941 2348 989 die
2371 957 2496 1006 pen-

192 1048 449 1099 tecostem
478 1035 707 1084 natalitia
748 1046 1051 1084 sanctorum
1082 1034 1264 1083 Hillari
1295 1045 1346 1083 et
1367 1033 1574 1083 Tatiani
1603 1043 1747 1082 sexto
1774 1032 1980 1082 decimo
2007 1030 2265 1079 Kalendas
2292 1029 2501 1095 Marcii3

194 1126 389 1175 natales
430 1123 636 1184 Quirini
678 1125 932 1172 sacerdoti
974 1134 1161 1190 quarto
1207 1123 1467 1172 Kalendas
1511 1122 1668 1181 Iunii;
1711 1121 1905 1170 natales
1945 1129 2248 1168 sanctorum
2291 1116 2510 1167 Cancia-

194 1229 386 1264 norum
405 1216 578 1279 primo
598 1212 680 1260 die
701 1212 959 1260 Kalendas
983 1211 1485 1278 Madii3sanctarum
1505 1212 1767 1276 virginum
1789 1210 1940 1259 tertio
1976 1208 2117 1259 Non.
2144 1207 2509 1273 SeptembriS.“

373 1302 499 1351 lbid.
541 1302 572 1351 l.
609 1317 649 1352 c,
678 1299 750 1370 (p.
791 1297 897 1368 16):
958 1299 1257 1366 „Tempore
1311 1300 1458 1367 quod
1507 1299 1822 1349 Iustinianus
1877 1291 2184 1347 Romanum
2233 1298 2515 1361 imperium

195 1390 408 1441 feliciter
467 1391 692 1457 regebat,
752 1392 802 1437 in
861 1388 1002 1438 Italia
1063 1388 1294 1437 Totilam
1358 1387 1623 1438 Gotorum
1679 1403 1854 1452 regem
1916 1387 2181 1451 superavit
2234 1385 2513 1451 legemque

195 1480 494 1530 Romanam
534 1480 770 1536 instituit,
811 1476 891 1526 his
921 1475 1155 1545 diebus¹)
1199 1480 1273 1526 vir
1294 1479 1652 1526 sanctissimus
1682 1475 1995 1535 Benedictus
2037 1490 2172 1540 papa
2214 1473 2514 1523 Romanam

195 1580 427 1619 sanctam
455 1568 665 1634 regebat
690 1569 977 1635 ecclesiam,
1003 1565 1351 1634 Aquilegensi
1382 1581 1599 1633 quoque
1629 1566 1817 1615 civitati
1845 1567 2062 1630 eiusque
2087 1563 2290 1629 populo
2315 1562 2509 1611 Paulus

197 1657 483 1725 patriarcha
523 1667 739 1725 preerat,
778 1658 867 1723 qui
912 1656 1393 1722 Longobardorum
1434 1655 1629 1704 rabiem
1673 1665 1912 1702 metuens
1977 1669 2038 1701 ex
2100 1651 2377 1719 Aquilegia
2426 1651 2518 1699 de-

198 1757 391 1797 structa
430 1747 495 1796 ad
552 1744 788 1795 Gradum
850 1746 1076 1793 insulam
1135 1743 1373 1811 confugit
1429 1759 1716 1810 secumque
1777 1742 2520 1791 beatissimorum-martirum

206 1836 419 1886 Hellarii
461 1847 511 1884 et
538 1837 762 1884 aliorum
789 1845 1090 1883 sanctorum
1119 1849 1340 1899 corpora
1380 1833 1674 1898 deportavit
1701 1842 1750 1881 et
1778 1841 1906 1897 aput
1945 1831 2166 1879 eandem
2198 1827 2520 1879 Gradensem

221 1927 479 1975 civitatem
520 1923 724 1973 honore
765 1924 1072 1989 dignissimo
1114 1923 1365 1985 condidit,
1413 1924 1689 1989 ipsamque
1730 1936 1924 1969 novam
1966 1920 2298 1986 Aquilegiam
2343 1920 2516 1967 nomi-

219 2016 379 2068 navit.
422 2013 614 2063 Paulus
656 2015 858 2078 primus
898 2012 1044 2079 sedit,
1084 2010 1183 2060 fuit
1240 2012 1458 2060 nacione
1522 2010 1821 2072 Romanus3
1881 2011 1971 2076 qui
2037 2011 2160 2058 vixit
2222 2010 2274 2056 in
2335 2007 2517 2056 eadem

210 2103 423 2153 ecclesia
464 2100 780 2168 patriarchas
821 2117 904 2152 an.
938 2098 1049 2152 12.“
2035 2157 2037 2160 ¹

380 2190 633 2242 Danduli
670 2189 1027 2256 Chronieon,
1066 2187 1131 2247 V,
1176 2204 1217 2240 c.
1250 2202 1329 2256 11,
1366 2202 1482 2253 pars
1523 2203 1578 2252 ¹3
1625 2185 1919 2256 (Muratori‚
1961 2185 2248 2252 Scriptores
2287 2201 2380 2236 rer.
2408 2184 2516 2236 Ital.

204 2279 318 2344 XII,
360 2281 476 2347 94):
525 2319 548 2342 „
581 2321 590 2330 .
619 2320 631 2331 .
659 2321 668 2332 .
698 2280 786 2328 ubi
828 2276 902 2347 (in
946 2273 1239 2346 Foroiulio)
1281 2276 1364 2326 hic
1392 2277 1586 2326 Paulus
1616 2276 1997 2344 Aquilegiensis
2033 2278 2311 2341 episcopus
2340 2274 2518 2322 sedem

206 2370 430 2438 tenebat,
472 2371 563 2436 qui
604 2367 1087 2434 Longobardorum
1113 2368 1395 2416 adventum
1425 2365 1708 2415 abhorrens
1750 2366 1813 2414 ad
1851 2375 2076 2415 castrum
2109 2363 2375 2413 Gradense
2401 2378 2521 2428 pro-

207 2457 341 2526 fugit
380 2474 502 2507 cum
545 2457 855 2522 corporibus
897 2466 1197 2505 sanctorum
1243 2455 1424 2504 Hilarii
1466 2465 1516 2503 et
1543 2452 1783 2503 Cantiani
1815 2465 1864 2503 et
1891 2453 2114 2502 aliorum
2144 2463 2444 2501 sanctorum
2474 2462 2524 2500 et

209 2550 356 2598 omni
395 2547 639 2596 thesauro
683 2543 977 2596 ecclesiae.“

386 2635 725 2687 Chronicon
747 2641 894 2699 patr.
925 2634 1110 2699 Aquil.
1137 2634 1389 2698 primum
1411 2631 1644 2701 (Rubeis‚
1664 2631 1809 2684 Mon.
1832 2631 1937 2681 eccl
1983 2630 2178 2697 Aquil.‚
2200 2628 2347 2695 App.
2374 2647 2425 2696 p.
2443 2625 2523 2696 7):

213 2726 347 2795 „Hic
400 2725 593 2773 Paulus
643 2722 946 2789 patriarcha,
1000 2725 1188 2772 timore
1241 2722 1551 2770 eorumdem
1599 2720 2086 2786 Longobardorum
2128 2719 2335 2783 ductus,
2392 2735 2515 2767 curn

210 2814 454 2865 thesauro
497 2825 547 2863 et
586 2814 815 2880 reliquiis
855 2813 1098 2861 ecclesiae
1139 2811 1204 2860 ad
1234 2809 1469 2859 Gradum
1510 2810 1733 2858 insulam
1776 2825 1830 2857 se
1859 2809 2096 2874 contulit,
2139 2825 2299 2874 quam
2330 2823 2522 2856 novam

213 2904 547 2971 Aquilegiam
588 2902 917 2967 appellavit.“

391 2990 733 3042 Chronicon
758 2994 907 3054 patr.
937 2989 1129 3054 Aquil.
1161 2990 1411 3039 alterum
1435 2986 1667 3056 (RubeiS,
1703 2986 1735 3037 l.
1761 3002 1802 3038 c.
1823 2984 1970 3052 App.
1992 3003 2040 3051 p.
2067 2983 2143 3053 9):
2170 2985 2306 3046 „Hic
2333 2985 2526 3034 Paulus

214 3078 742 3148 patriarchaqtimore
801 3080 1110 3127 eorumdem
1169 3076 1646 3142 Longobardorum
1703 3091 1826 3124 cum
1886 3076 2114 3142 reliquiis
2172 3085 2221 3123 et
2279 3073 2524 3122 thesauro

215 3170 456 3219 ecclesiae
485 3185 538 3217 se
562 3168 626 3216 ad
653 3166 890 3216 Gradum
912 3167 1138 3216 insulam
1161 3166 1398 3223 contulit,
1427 3181 1589 3232 quam
1607 3180 1799 3213 novam
1826 3163 2168 3230 Aquilegiam
2188 3160 2521 3229 appellavit.“

1234 3389 1495 3475 31273.

394 3519 527 3588 568,
570 3532 639 3590 po
678 3519 734 3576 2.
778 3515 1023 3589 apruni-²)

396 3609 700 3662 Duhovnik
753 3606 1063 3674 Geminijan
1110 3605 1166 3673 je
1206 3606 1459 3673 prenesel
1499 3605 1548 3657 iz
1587 3604 1753 3658 Trsta
1791 3620 1863 3656 na
1901 3603 2040 3657 otok
2080 3603 2296 3657 Gradei
2336 3604 2520 3671 trupla

218 3697 790 3751 dvainstirideseterih
846 3694 1199 3759 mueenikov‚
1242 3694 1432 3745 katera
1470 3692 1525 3758 je
1563 3692 1719 3745 nasei
1760 3692 1881 3745 med
1922 3691 2195 3757 zidovjem
2236 3694 2525 3759 razdrtega

222 3791 408 3839 mesta.
434 3786 491 3838 in
529 3787 772 3839 ondotne
812 3785 1034 3839 cerkve.
1074 3784 1129 3836 Iz
1170 3781 1368 3850 Ogleja
1407 3796 1477 3849 pa
1516 3797 1582 3834 so
1615 3781 1846 3848 spravili
1874 3796 1944 3833 na
1971 3780 2156 3834 reeeni
2182 3781 2320 3834 otok
2341 3782 2525 3848 trupla

402 3930 435 3984 ι)
467 3932 542 3977 Tu
586 3944 640 3977 se
683 3932 909 3987 marsikaj
946 3943 1005 3976 ne
1037 3933 1206 3986 ujema.
1255 3930 1405 3974 Cesar
1428 3928 1687 3984 Justinijan
1721 3928 1764 3979 ie
1796 3927 1955 3971 vladal
1986 3928 2047 3971 od
2081 3931 2344 3982 527—565,
2377 3931 2524 3983 papei

223 4005 456 4051 Benedikt
486 4007 522 4051 1.
546 4019 606 4062 pa
638 4007 700 4051 od
724 4010 973 4051 574—578.
999 4005 1237 4049 Gotovski
1265 4004 1386 4058 kralj
1417 4003 1572 4046 Totila
1588 4003 1638 4056 je
1676 4001 1742 4045 bil
1772 4013 2030 4057 premagan
2053 4002 2144 4045 leta
2171 4006 2288 4056 552.,
2314 4001 2524 4058 patriarh

226 4079 400 4125 Pavlin
433 4092 493 4136 pa
517 4082 569 4136 je
600 4081 757 4125 zbeial
791 4093 850 4124 na
884 4080 1068 4127 Gradei
1100 4079 1192 4122 leta
1224 4082 1324 4121 568.

404 4154 437 4210 ²)
469 4154 542 4199 To
574 4166 627 4199 se
651 4157 704 4211 je
735 4154 922 4210 zgodilo
955 4167 1018 4210 po
1051 4153 1252 4209 prihodu
1287 4151 1636 4206 Langobardov
1669 4163 1700 4195 v
1733 4150 1904 4204 Italijo.
