2872 4504
207 546 256 590 p.
284 537 353 577 47.

387 257 443 296 80
1450 251 1611 296 St.78.

387 431 534 479 bium
573 430 867 495 puellarum
897 430 1073 479 adesse
1106 429 1377 477 ordinavit.
1421 431 1472 476 in
1503 428 1734 477 secundo
1759 446 1975 496 quoque
2002 432 2188 491 littore,
2232 439 2383 484 cuius
2409 438 2685 505 longitudo

389 533 481 582 per
519 534 607 566 sex
648 519 939 568 extenditur
978 519 1211 581 miliaria,
1252 513 1267 585 Η
1308 518 1359 564 in
1402 517 1638 583 quodam
1679 517 1913 565 eiusdem
1955 519 2140 568 littoris
2177 520 2373 571 heremi
2416 525 2534 573 loco
2574 527 2681 575 duo

381 608 476 654 viri
516 606 709 654 ibidem
752 617 1021 655 manentes
1063 607 1255 654 inventi
1296 615 1433 672 sunt,
1473 619 1703 671 quorum
1746 605 1872 653 alter
1910 606 2192 656 vocabatur
2230 608 2515 668 Barbanus,
2558 613 2684 661 alter

381 710 504 742 vero
544 693 834 743 Tarilessus
875 694 1155 744 dicebatur.
1195 693 1335 740 idem
1375 709 1606 759 namque
1646 694 1738 740 viri
1779 709 2108 758 paganorum
2160 694 2414 761 fugientes
2481 699 2692 763 rabiem,

384 783 447 831 de
487 781 726 830 Tarvisio
768 798 888 831 cum
931 785 1074 830 omni
1118 798 1212 830 sua
1252 781 1608 847 suppellectile
1650 782 1751 830 illic
1791 781 2073 849 latitabant,
2112 785 2303 849 quibus
2334 786 2609 835 ecclesiam
2635 790 2686 835 in

381 869 585 919 honore
626 882 800 938 sancte
841 870 935 919 Dei
980 872 1239 935 genitricis
1279 869 1456 937 Marie,
1497 880 1554 918 ut
1594 868 1761 918 fuerat
1801 871 2110 936 revelatum,
2151 875 2551 936 prenominatus
2591 892 2679 939 pa-

382 958 599 1008 triarcha
642 957 806 1008 facere
845 961 1092 1024 precepit.
1136 958 1201 1006 ad
1242 974 1403 1025 quem
1445 974 1567 1006 cum
1610 958 1774 1006 isdem
1816 957 2103 1024 patriarcha
2145 961 2462 1024 pervenisset
2491 961 2687 1030 locum,

382 1048 540 1097 veluti
595 1047 663 1095 ibi
722 1057 1063 1113 reppererunt
1119 1049 1265 1112 signa
1325 1046 1560 1095 eiusdem
1602 1047 1813 1114 ecclesie
1865 1045 2207 1096 fundamenta
2247 1049 2434 1114 iniecit,
2494 1049 2583 1097 ubi
2642 1061 2692 1099 et

385 1115 772 1184 monachorum
825 1137 1107 1185 cenobium
1156 1135 1335 1183 adesse
1391 1151 1486 1183 nec
1526 1151 1634 1184 non
1677 1145 1726 1183 et
1766 1134 2062 1185 Barbanum
2110 1136 2350 1184 abbatem
2399 1133 2509 1184 fieri
2551 1138 2682 1186 ordi·

383 1226 550 1290 navit;
591 1223 749 1273 huius
790 1240 1020 1291 namque
1061 1225 1236 1272 socius
1277 1224 1341 1271 ad
1383 1225 1595 1288 propria
1636 1222 1935 1274 remeavit.“

560 1327 687 1379 Ibid.
719 1325 854 1379 Cod.
879 1326 940 1379 G.
968 1326 1050 1387 ΙΙΙ,
1088 1343 1149 1375 10
1190 1344 1222 1375 v
1262 1326 1502 1393 knjiinici
1544 1326 1954 1394 patriarhalnega
1993 1328 2270 1394 seminarja
2308 1345 2342 1378 v
2388 1326 2698 1397 Benetkah„

344 1453 355 1465 .
388 1416 719 1482 (Monticolo,
762 1413 1037 1465 Cronache
1078 1414 1390 1482 Veneziane,
1430 1414 1466 1483 I,
1503 1421 1591 1483 46,
1630 1429 1719 1483 47,
1757 1413 1878 1483 48):
1926 1415 2102 1484 „Idem
2130 1418 2486 1466 sanctissimus
2517 1417 2694 1467 Helias

385 1503 672 1571 patriarcha
728 1507 778 1552 in
837 1505 1118 1562 littoribUS‚
1185 1520 1288 1571 que
1348 1521 1377 1553 a
1435 1503 1687 1553 Gradensi
1745 1507 1948 1554 civitate
1992 1522 2159 1572 usque
2201 1505 2266 1554 ad
2309 1503 2695 1571 Caprullanum

386 1597 749 1660 episcopatum
791 1593 1105 1651 discurrunt,
1149 1593 1407 1659 quasdam
1449 1594 1683 1642 basilicas
1724 1604 1926 1642 sanctas
1955 1588 2232 1643 hedificare
2261 1592 2398 1644 fecit.
2441 1596 2492 1643 in
2522 1596 2694 1659 primo

384 1682 601 1749 quidem
641 1682 830 1749 littore,
885 1681 1033 1748 quod
1072 1681 1251 1730 adesse
1294 1681 1619 1747 dignoscitur
1659 1683 1800 1731 iuxta
1844 1680 2167 1731 Gradensem
2212 1684 2492 1741 civitatem,
2536 1683 2696 1732 eccle·

384 1775 513 1820 siam
556 1773 607 1818 in
647 1769 906 1819 honorem
950 1772 1110 1819 sancti
1153 1770 1286 1819 Petri
1330 1770 1699 1836 apostolorum
1739 1773 1986 1837 principis
2028 1769 2268 1821 edificare
2315 1773 2478 1839 iussit,
2517 1772 2606 1821 ubi
2649 1782 2698 1821 et

385 1861 758 1908 monasterium
816 1859 1110 1925 puellarum
1154 1859 1350 1907 ibidem
1390 1859 1568 1908 adesse
1611 1861 1846 1928 instituit,
1899 1877 2002 1927 que
2059 1861 2276 1927 quidem
2319 1871 2444 1926 post
2484 1861 2695 1910 illorum

338 1985 350 1996 .
385 1951 673 2014 ingressum
715 1964 742 1996 a
783 1949 993 1996 nemine
1035 1948 1261 2013 amplius
1300 1943 1315 2017 Η
1355 1949 1405 1995 in
1448 1950 1551 1996 vita
1589 1949 1914 2017 videbantur,
1953 1949 2042 1997 sed
2083 1960 2206 2016 post
2246 1949 2457 1998 illorum
2488 1950 2695 2000 obitum

386 2037 603 2086 cadaver
642 2038 752 2085 eius
794 2038 846 2084 in
889 2036 1064 2085 medio
1107 2037 1320 2104 ecclesie
1359 2036 1564 2103 populo
1607 2038 1992 2090 ostendebatur.
2033 2049 2263 2106 ceterum
2305 2040 2510 2094 notabis
2549 2039 2696 2106 quod

385 2128 436 2174 in
478 2126 710 2175 secundo
752 2126 941 2193 littore,
982 2127 1131 2174 cuius
1171 2125 1450 2192 longitudo
1494 2141 1584 2191 per
1624 2142 1711 2174 sex
1754 2127 1969 2175 miliaria
2011 2126 2319 2193 extenditur,
2366 2129 2416 2175 in
2462 2128 2693 2194 quadam

385 2225 529 2281 parte
582 2215 818 2263 eiusdem
871 2215 1056 2263 littoris
1110 2214 1219 2263 duo
1272 2216 1360 2262 viri
1404 2200 1597 2264 ibidem
1640 2215 1924 2273 latitabant,
1982 2218 2072 2283 qui
2114 2232 2223 2265 non
2267 2218 2463 2265 inventi
2507 2218 2692 2282 reperti

387 2314 531 2362 sunt;
596 2318 829 2370 quorum
880 2320 1018 2352 unus
1065 2304 1351 2352 vocabatur
1399 2303 1682 2362 Barbanns,
1737 2304 1877 2353 unde
1933 2314 1982 2354 et
2023 2306 2087 2353 ab
2129 2305 2218 2354 illo
2262 2321 2385 2353 sene
2454 2305 2694 2355 Barbano

385 2393 533 2441 locus
582 2393 663 2441 ille
713 2409 881 2459 usque
934 2394 983 2440 in
1035 2408 1251 2458 presens
1303 2391 1570 2441 Barbanus
1621 2394 1829 2459 dicitur3
1885 2394 2012 2442 alter
2053 2409 2177 2443 vero
2220 2392 2513 2443 Tarilessus
2559 2410 2696 2443 nun-

387 2481 698 2547 cupabatur;
741 2483 830 2548 qui
872 2481 1024 2546 plane
1065 2481 1132 2529 ibi
1175 2481 1430 2530 latuerant
1471 2491 1528 2530 ut
1567 2497 1894 2547 paganorum
1936 2483 2130 2531 rabiem
2162 2482 2496 2546 declinarent,
2538 2499 2698 2532 vene-

388 2580 607 2636 rantque
661 2570 724 2617 de
778 2571 981 2619 civitate
1035 2568 1323 2627 Tarvisina,
1378 2586 1501 2618 nam
1558 2579 1608 2618 et
1656 2573 1790 2619 cives
1854 2570 2086 2620 eiusdem
2148 2570 2422 2620 Tarvisine
2480 2574 2696 2621 civitatis

389 2657 604 2726 fuerant,
644 2658 1042 2725 detulerantque
1084 2659 1206 2707 illuc
1248 2675 1466 2707 omnem
1507 2658 1720 2707 illorum
1761 2660 2176 2725 suppellectilem
2218 2670 2268 2709 et
2303 2676 2519 2709 omnem
2547 2659 2697 2710 fami-

387 2747 567 2796 liarem
609 2747 947 2796 substantiam
991 2764 1152 2814 quam
1196 2747 1554 2814 possederant,
1596 2749 1788 2815 quibus
1830 2750 1881 2796 in
1921 2747 2184 2798 honorem
2224 2759 2399 2798 sancte
2431 2749 2526 2798 Dei
2555 2751 2697 2816 geni-

388 2838 525 2884 tricis
573 2835 734 2884 Marie
789 2837 1075 2896 ecclesiam,
1136 2846 1194 2885 ut
1244 2837 1479 2885 eiusdem
1530 2835 1696 2886 fuerat
1735 2837 2055 2906 revellatum,
2098 2836 2263 2887 facere
2308 2838 2470 2886 isdem
2515 2838 2694 2887 Helias

390 2923 677 2989 patriarcha
717 2925 904 2974 devote
946 2928 1156 2977 curavit.
1197 2926 1260 2974 ad
1302 2942 1460 2992 quem
1502 2926 1682 2975 locum
1725 2942 1847 2975 cum
1889 2927 2054 2975 isdem
2084 2926 2370 2993 patriarcha
2392 2927 2550 2976 simul
2572 2943 2695 2977 cum

390 3015 497 3062 istis
546 3015 667 3062 viris
719 3016 790 3062 ire
838 3014 1197 3079 disposuisset,
1247 3015 1459 3079 ibidem,
1517 3017 1666 3063 sicuti
1717 3016 1787 3064 illi
1838 3016 2178 3081 predicerant‚
2229 3018 2376 3082 signa
2417 3026 2467 3064 et
2509 3014 2696 3065 funda-

349 3135 360 3146 .
394 3113 568 3151 menta
586 3098 600 3171 ΙΙ
619 3102 851 3151 eiusdem
894 3103 1107 3170 ecclesie
1149 3105 1199 3150 in
1242 3103 1431 3152 eodem
1460 3103 1578 3153 loco
1608 3114 1809 3168 reperta
1836 3114 1976 3165 sunt,
2019 3106 2196 3172 ibique
2221 3107 2396 3154 statim
2427 3106 2696 3172 ecclesiam

400 3189 638 3239 fundavit
685 3200 733 3239 et
773 3193 945 3250 erexit,
988 3191 1077 3240 ubi
1105 3202 1154 3240 et
1181 3191 1566 3241 monachorum
1595 3193 1877 3260 cenobium
1903 3193 2104 3242 adesset
2129 3203 2180 3242 et
2216 3193 2408 3242 ibidem
2437 3204 2694 3259 perpetuo

395 3281 629 3343 instituit,
668 3295 763 3328 nec
804 3296 911 3328 non
955 3281 1147 3329 ibidem
1190 3280 1486 3330 Barbanum
1527 3281 1766 3330 abbatem
1795 3278 1903 3329 fieri
1935 3281 2207 3333 ordinavit.
2233 3282 2359 3330 alter
2383 3297 2504 3330 vero
2534 3283 2698 3331 sotius

396 3367 459 3416 ad
500 3371 709 3433 propria
731 3371 980 3417 remeavit
1009 3385 1071 3418 eo
1105 3370 1252 3436 quod
1277 3371 1439 3419 nimia
1463 3367 1695 3418 filiorum
1736 3372 2126 3420 coacervatione
2168 3368 2385 3419 refertus
2426 3372 2478 3418 in
2519 3371 2696 3420 seculo

396 3454 577 3519 fuerat,
639 3473 774 3523 quos
826 3458 1040 3523 quidem
1097 3458 1436 3507 barbarorum
1484 3474 1660 3507 servos
1710 3456 1918 3508 effectos
1973 3459 2239 3508 audiverat
2293 3469 2342 3508 et
2380 3474 2471 3525 pre
2512 3459 2695 3508 dolore

396 3547 569 3592 statim
610 3545 749 3592 diem
791 3556 1113 3610 postremam
1157 3544 1387 3598 clausit.“

576 3647 701 3700 Ibid.
739 3647 872 3701 Cod.
899 3649 1011 3702 Vat.
1044 3649 1169 3702 Urb.
1203 3664 1328 3713 440.
1369 3647 1423 3719 (1.
1447 3646 1500 3702 ἐ.
1534 3667 1583 3716 p.
1613 3648 1725 3718 5o):
1769 3691 1796 3718 „
1825 3690 1837 3702 .
1859 3686 1872 3699 .
1895 3690 1907 3702 .
1947 3660 2069 3715 post
2107 3667 2274 3699 annos
2322 3653 2558 3718 quinque
2599 3648 2695 3700 hec

400 3739 578 3785 omnia
618 3740 961 3803 suprascripta
1003 3749 1208 3803 peracta
1249 3728 1299 3786 in
1342 3741 1453 3803 ipsa
1493 3739 1614 3787 sede
1658 3739 2062 3804 metropolitana
2092 3736 2372 3798 Gradense,
2415 3737 2695 3788 defunctus

400 3835 883 3890 supramemoratus
932 3826 1109 3875 Helias
1161 3825 1463 3891 patriarcha,
1514 3829 1603 3894 qui
1663 3829 1811 3876 annis
1862 3825 2227 3891 pontificatum
2278 3829 2404 3876 rexit
2455 3826 2596 3876 XIIII
2649 3837 2699 3876 et

401 3914 668 3961 mensibus
707 3913 756 3961 X
796 3914 977 3963 diebus
1017 3914 1136 3963 XXI
1178 3925 1228 3963 et
1268 3916 1504 3981 sepultus
1545 3926 1621 3964 est
1660 3917 1711 3963 in
1753 3915 1962 3982 ecclesia
2004 3917 2150 3983 beate
2191 3913 2470 3964 Eufimie.“

578 4016 868 4067 Johannis
910 4018 1140 4068 diaconi
1182 4017 1520 4069 Chronicon
1559 4018 1866 4069 Venetum.
1909 4018 2239 4087 (MonticolO,
2279 4017 2552 4068 Cronache
2594 4017 2697 4068 Ve-

405 4105 635 4166 neziane,
691 4102 726 4161 I,
785 4104 900 4169 74):
961 4106 1090 4174 „His
1148 4107 1330 4155 diebus
1386 4123 1505 4155 cum
1570 4117 1739 4155 essent
1798 4108 1919 4154 anni
1975 4107 2038 4155 ab
2088 4109 2440 4156 incarnatione
2481 4106 2697 4156 Domini
