2872 4504
332 227 417 266 228
1382 221 1448 266 St.
1483 227 1501 264 1
1512 225 1582 265 82.

330 290 1035 310 πει
1346 303 1379 307 .-

329 401 518 453 milia.
572 402 678 468 qui
728 405 965 453 montes
1016 398 1306 451 dividunt
1364 399 1529 451 inter
1576 399 1975 465 provinciam
2034 399 2454 466 septimanam
2481 399 2519 466 ¹)
2577 407 2635 454 et

326 490 591 554 Italiam,
614 490 779 541 inter
798 487 1235 555 Burgundiam
1260 491 1318 539 et
1334 486 1602 549 Italiam,
1622 487 1790 538 inter
1807 484 2244 555 Maurianos²)
2276 493 2335 541 et
2363 488 2632 556 Italiam,

119 586 166 630 P·
199 578 299 620 293.
332 579 498 630 inter
521 574 867 644 Ranicos⁸),
910 590 1067 643 quae
1101 576 1284 627 modo
1338 590 1377 626 a
1416 574 1759 627 Bauvariis
1800 576 2179 641 dominatur,
2233 581 2292 629 et
2326 576 2578 630 Italiam
2617 575 2632 646 ΙΙ

330 666 493 719 inter
573 661 1037 731 Carontan084),
1110 668 1168 715 et
1225 662 1495 720 Italiam,
1579 663 1746 715 inter
1792 664 2072 730 patriam
2139 663 2438 717 Carnium
2461 661 2501 733 ⁵)
2576 670 2636 719 et

326 754 608 820 Italiam3
650 753 819 821 quod
856 754 1068 820 iugum
1116 751 1414 805 Carnium
1455 751 1778 804 dicebatur
1814 754 1891 804 ab
1930 753 2207 820 antiquis
2233 753 2411 820 Alpis
2449 753 2631 806 Iulia.

326 843 432 910 qui
469 847 707 894 montes
732 839 1031 907 finientes
1071 841 1272 907 ipsam
1311 839 1565 892 Italiam
1605 840 1990 893 descendunt
2017 846 2309 908 exparte
2347 842 2435 894 ad
2455 857 2631 896 mare

325 930 716 983 Adriaticum
756 943 922 981 nono
957 928 1138 995 longe
1164 943 1204 980 a
1232 929 1477 980 civitate
1510 927 1564 979 T
1556 927 1875 980 harsatico
1898 930 2265 996 provinciae
2289 928 2631 983 Liburniae

324 1022 390 1069 in
431 1017 564 1070 loco
604 1018 710 1084 qui
750 1017 983 1069 dicitur
1018 1016 1274 1068 Phanas
1290 1012 1348 1084 ⁶).
1390 1031 1430 1068 a
1468 1016 1741 1068 secundo
1785 1021 1988 1069 autem
2030 1016 2223 1070 latere
2262 1018 2442 1071 habet
2493 1019 2631 1086 ipsa

324 1104 514 1158 Italia
540 1103 740 1172 finem
773 1105 1171 1172 praedictum
1211 1119 1388 1156 mare
1425 1118 1724 1171 magnum
1765 1104 2174 1170 Adriaticum,
2227 1107 2403 1158 cuius
2444 1107 2628 1160 litore

316 1194 582 1261 ponitur
606 1195 744 1261 ipsa
768 1193 973 1261 Italia,
1013 1207 1206 1260 usque
1237 1193 1324 1245 ad
1361 1192 1726 1260 completam
1766 1194 2060 1260 superius
2098 1194 2328 1246 dictam
2365 1195 2625 1261 provin-

325 1285 483 1335 ciam
523 1279 830 1335 Istriam.“

283 1449 286 1451 Α
501 1384 614 1437 Kar
637 1399 698 1437 se
722 1382 830 1437 tide
856 1389 1040 1438 mest
1081 1385 1234 1437 med
1273 1382 1582 1437 Dradem
1619 1384 1695 1436 in
1734 1383 2101 1454 RavennO,
2141 1383 2359 1450 omenja
2384 1401 2630 1439 ravenn·
2694 1454 2696 1456 Ι

323 1471 416 1526 ski
469 1471 687 1541 pisatelj
740 1488 906 1526 razen
961 1472 1162 1540 drugih
1200 1472 1317 1526 tudi
1356 1470 1642 1539 naslednje
1689 1471 1775 1543 (V,
1816 1487 1863 1526 o.
1895 1475 1977 1543 14,
2014 1488 2067 1541 p.
2091 1471 2435 1543 381—383):
2480 1517 2506 1542 „
2538 1516 2550 1529 .
2576 1517 2587 1529 .
2617 1516 2629 1529 .

115 1570 161 1614 P·
195 1563 295 1604 381·
327 1562 570 1631 Enona,
630 1559 849 1631 Agit⁷),
924 1562 1279 1630 Corinthon,
1334 1561 1755 1629 Argerunton,
1808 1561 1967 1629 Bigi,
2028 1561 2264 1629 Ospela,
2317 1562 2627 1629 Publisca‚

115 1659 161 1702 P·
194 1650 294 1691 382.
330 1650 529 1718 Senia,
572 1651 821 1716 Turres,
861 1648 1160 1719 Raparia,
1207 1650 1656 1718 Tharsaticum,
1694 1649 2047 1717 Lauriana,
2085 1650 2343 1715 Albona,
2383 1651 2591 1721 Arsia,
2614 1651 2630 1722 Η

322 1738 665 1809 Nesatium,
701 1739 874 1808 Pola,
917 1739 1194 1807 Revingo
1223 1735 1278 1808 5³),
1315 1739 1698 1805 Parentium,
1738 1738 2057 1806 NeapoliS,
2097 1738 2409 1807 HumagO,
2452 1740 2628 1808 Sipa-

322 1828 430 1895 riS‚
474 1827 754 1896 SilboniS,
792 1829 1052 1896 Pirano,
1100 1827 1340 1895 Capri-5,
1390 1827 1688 1897 Tergeste,
1727 1828 2088 1880 Adbessicin
2100 1825 2158 1896 ⁹),
2216 1828 2628 1896 Foroiulium,

113 1924 159 1968 P·
194 1916 293 1957 383.
325 1915 606 1985 Putiolis,
645 1917 945 1985 Aquileia,
982 1914 1000 1987 ΙΙ
1044 1916 1410 1983 Concordia,
1450 1917 1747 1983 Altinum,
1775 1957 1784 1967 .
1812 1959 1823 1970 .
1854 1957 1866 1968 .
1894 1915 1921 1941 “

500 2035 784 2087 Guidonis
825 2036 1248 2100 Geographica,
1304 2052 1345 2087 c.
1379 2050 1403 2099 5
1451 2034 1544 2103 (ed.
1570 2035 1764 2085 Pinder
1804 2047 1853 2085 et
1894 2034 2134 2104 Parthey,
2173 2053 2223 2101 p.
2248 2032 2404 2103 453):
2449 2033 2628 2104 „Italia

321 2122 516 2173 habens
575 2121 704 2173 fines
756 2124 820 2173 ab
874 2125 1140 2174 occidente
1188 2135 1395 2174 montes
1436 2124 1680 2187 excelsos,
1740 2141 1876 2192 quos
1916 2126 2135 2192 quidam
2173 2124 2395 2175 Titanos
2436 2125 2628 2193 dicunt,

322 2213 406 2261 alii
447 2213 607 2278 Alpes
649 2211 817 2263 Iovias
857 2215 1153 2281 nominant,
1192 2215 1496 2279 incipientes
1538 2230 1564 2262 a
1605 2215 1733 2262 mari
1776 2212 2000 2282 Gallice,
2051 2214 2199 2281 quod
2239 2225 2289 2262 et
2328 2212 2628 2282 Tirrenum,

320 2300 463 2350 haud
501 2302 657 2368 longe
698 2319 727 2351 a
767 2303 1029 2368 praedicta
1070 2304 1272 2351 civitate
1325 2301 1688 2368 Vigintimilio.
1729 2305 1820 2370 qui
1862 2302 2101 2351 videlicet
2139 2312 2348 2351 montes
2387 2302 2628 2351 dividunt

322 2393 453 2439 inter
507 2393 827 2456 provinciam
883 2390 1241 2456 Septimanam
1298 2401 1347 2440 et
1400 2390 1616 2450 Italiam,
1675 2393 1807 2441 inter
1858 2390 2108 2440 Retianos
2149 2401 2198 2439 et
2237 2389 2454 2454 Italiam,
2495 2392 2628 2439 inter

322 2477 754 2530 Carantanos
796 2489 845 2529 et
886 2480 1100 2548 Italiam,
1156 2482 1286 2529 inter
1325 2482 1628 2547 patriam
1670 2478 2098 2529 Carnuntum
2140 2489 2190 2528 et
2215 2477 2428 2546 Italiam,
2478 2477 2626 2545 quod

321 2569 506 2633 iugum
560 2566 863 2618 Carnich
916 2569 978 2618 ab
1033 2571 1260 2636 antiquis
1312 2570 1472 2634 Alpes
1529 2568 1687 2618 Iuliae
1737 2569 2055 2626 dicebantur,
2099 2569 2298 2634 quique
2340 2569 2493 2616 etiam
2535 2566 2624 2615 tali

322 2657 485 2706 modo
542 2657 839 2707 claudentes
894 2657 1090 2707 Italiam
1150 2657 1475 2708 descendunt
1514 2659 1579 2707 ad
1618 2659 1792 2707 sinum
1837 2659 1992 2706 maris
2033 2656 2279 2704 Adriatici
2321 2671 2427 2704 non
2467 2655 2624 2721 longe

322 2761 350 2793 a
392 2747 594 2795 civitate
634 2745 942 2796 Tharsatico
985 2747 1284 2811 provinciae
1326 2746 1606 2795 Liburniae
1647 2748 1699 2794 in
1739 2747 1919 2796 locum
1961 2747 2052 2812 qui
2093 2743 2280 2793 dicitur
2319 2740 2538 2794 Fanas,“

503 2921 536 2975 ¹)
569 2921 832 2977 Pokrajina
864 2922 1153 2978 Septimania
1177 2925 1230 2978 je
1260 2922 1356 2967 bila
1387 2936 1419 2967 v
1443 2925 1636 2978 juinern
1669 2922 1779 2967 delu
1811 2921 1982 2976 Galije.

501 2995 534 3051 ²)
565 2995 846 3040 Prebivalce
882 2996 1210 3048 „Maurianos“
1247 3009 1357 3040 nam
1371 2998 1424 3052 je
1444 2996 1589 3040 iskati
1611 3009 1676 3052 po
1708 2997 1952 3052 sedanjem
1985 2995 2289 3053 Savojskem,
2330 2995 2438 3051 kjer
2474 3006 2532 3039 so
2556 3005 2625 3050 se,

320 3068 478 3113 kakor
523 3069 694 3114 citamo
736 3082 770 3113 v
799 3070 1026 3127 letopisih
1058 3082 1254 3125 osmega
1284 3070 1334 3114 in
1365 3070 1592 3125 devetega
1623 3070 1830 3127 stoletJa,
1871 3070 2079 3126 nahaJali
2116 3068 2284 3126 „vallis
2315 3067 2618 3113 Maurienna“

322 3143 372 3186 in
408 3143 711 3200 „Maurienna
742 3144 905 3189 urbs“.

504 3216 536 3271 ³)
567 3218 795 3262 Namesto
834 3216 1092 3275 „Ranicos“
1128 3219 1222 3262 ima
1255 3218 1448 3264 Guidon
1479 3231 1512 3262 v
1540 3218 1666 3273 svoji
1684 3218 1932 3273 geografiji
1968 3215 2266 3274 „Retianos“.
2299 3216 2465 3261 Misliti
2516 3228 2625 3261 nam

315 3292 367 3345 je
390 3302 452 3335 na
483 3291 755 3347 prebivalce
786 3297 913 3336 stare
945 3293 1120 3347 Reeije.

496 3363 531 3419 ⁴)
562 3364 637 3408 Tu
668 3377 721 3409 se
752 3366 971 3421 prvikrat
1001 3379 1034 3410 v
1063 3366 1319 3421 zgodovini
1350 3367 1590 3421 omenjaio
1626 3364 1935 3422 „Carontani“
1972 3365 2285 3418 (Karantani).

499 3436 531 3494 ⁵)
561 3439 720 3482 Patria
751 3439 978 3483 Carnium
1002 3442 1054 3494 je
1084 3451 1236 3484 ravno
1268 3445 1332 3496 to,
1373 3440 1463 3483 kar
1494 3439 1729 3484 Carneola
1760 3438 1823 3483 ali
1854 3452 1915 3495 pa
1947 3439 2163 3484 Carnech
2193 3438 2359 3494 patria.

503 3512 534 3565 ⁸)
567 3512 760 3556 Phanas
783 3514 836 3567 je
867 3513 1052 3568 sedanJi
1077 3513 1266 3557 Plomin
1300 3513 1548 3566 (Fianona)
1581 3526 1613 3558 v
1644 3513 1769 3558 Istri.
1802 3513 2024 3568 Sosednji
2057 3512 2133 3557 del
2163 3514 2318 3568 morja
2355 3523 2413 3556 so
2446 3510 2618 3566 nekdaj

321 3585 444 3630 zvali
479 3585 644 3637 „sinus
675 3586 993 3631 Flanaticus“.

499 3659 532 3716 ⁷)
563 3660 791 3704 Namesto
814 3660 977 3716 „Agit“
1007 3661 1100 3704 ima
1121 3659 1385 3704 ravennski
1416 3661 1616 3716 geograf
1641 3673 1703 3705 na
1733 3660 1905 3704 nekem
1937 3660 2133 3714 drugem
2164 3659 2306 3715 kraJu
2338 3658 2439 3711 (IV,
2475 3670 2514 3702 c.
2541 3658 2616 3714 22)

319 3734 496 3777 besedo
534 3734 709 3789 „Dan“.

499 3806 533 3862 ⁸)
563 3807 790 3851 Namesto
838 3806 1105 3864 „Revingo“
1140 3806 1235 3851 ima
1273 3807 1430 3852 receni
1469 3807 1656 3863 pisatelj
1707 3807 1889 3863 drugod
1938 3806 2040 3863 (IV,
2072 3818 2110 3850 c.
2136 3811 2194 3851 30
2223 3805 2273 3849 in
2306 3807 2380 3857 31)
2422 3805 2615 3861 Ruigno

321 3880 369 3923 in
400 3880 620 3934 Ruginio.

500 3954 531 4005 ⁹)
562 3953 957 3998 Adbessicin
981 3956 1034 4009 je
1063 3955 1283 3999 morebiti
1313 3954 1551 4006 nekdania
1583 3956 1771 4010 postaja
1807 3952 2082 4011 „Anesica“,
2111 3953 2164 3997 ki
2180 3956 2233 4008 je
2271 3953 2392 3997 stala
2423 3952 2618 3997 nekako

321 4027 427 4070 med
460 4026 729 4071 Prosekom
760 4027 809 4070 in
842 4027 1026 4082 Opcino
1058 4028 1131 4083 pri
1163 4032 1235 4072 24.
1257 4027 1476 4082 miljniku
1518 4027 1581 4071 od
1614 4027 1795 4082 ogleja.
1848 4028 2048 4082 Mogoce
2071 4029 2123 4082 je
2153 4039 2215 4082 pa
2234 4027 2364 4089 ·tudi,
2396 4026 2455 4071 da
2486 4037 2540 4071 se
2565 4027 2619 4081 je

325 4100 429 4154 kraj
464 4111 583 4154 prav
614 4111 669 4142 za
699 4111 819 4155 prav
850 4100 991 4154 glasil
1026 4101 1126 4158 „Ad
1149 4099 1452 4146 vicesimum“
1487 4105 1559 4144 ter
1590 4100 1656 4144 bil
1688 4100 1764 4155 pri
1794 4105 1864 4144 20.
1889 4100 2109 4155 miljniku
2140 4100 2203 4144 od
2236 4099 2417 4155 Ogleja.

2847 2980 2853 2992 ⁴
2863 2894 2872 2902 ,ο
2854 2755 2872 2870 mlv—,a-
2846 2390 2872 2740 Jrffl‘ae-znxm2ffi22..
2856 2298 2872 2370 nrm..
2863 2232 2872 2242 .
2848 2170 2872 2194 'a
2863 2081 2872 2102 -x
