2872 4504
167 779 215 850 Ap.
240 796 340 838 269.

380 253 465 293 130
1348 237 1413 293 ἐι.
1447 254 1548 306 104,
1582 252 1679 294 105.

373 428 514 489 μηδέν
534 446 572 476 τι
611 428 816 498 σιδηροῦν
856 428 1256 494 περιβαλλόμενοι,
1296 428 1379 475 ὑπσ
1406 425 1645 488 Ῥωμαίων
1684 429 2033 496 ἐκρατήθησαν,
2074 433 2276 496 κιθάρας
2305 434 2448 494 μένας
2487 432 2662 494 βαστά-

373 518 542 574 ζοντες.
587 517 608 563 ὃ
650 517 699 564 δὲ
739 515 951 576 βασιλεὺς
991 516 1164 582 ἠρώτα,
1205 517 1357 564 πόθεν
1396 533 1445 563 τε
1485 511 1574 564 εἷεν
1616 514 1705 564 καὶ
1731 523 1817 564 ποῦ
1858 517 1939 575 τὰς
1981 518 2209 584 διατριβὰς
2249 521 2506 582 ἐπσισΰντσς
2550 522 2589 570 οἱ
2613 523 2663 571 δὲ

373 605 424 652 τὲ
479 605 560 664 μὲν
615 606 749 667 γένος
789 606 954 669 ἔφασαν
994 606 1235 668 πεφυκέναι
1275 603 1534 652 Σγ.λαυινσι”
1576 605 1689 670 πρὸς
1729 604 1792 668 τῷ
1834 606 1956 654 τέλει
1998 606 2047 654 Ξὲ
2087 610 2165 656 τοῦ
2206 608 2388 666 Ξυῑινισῦ
2429 609 2665 675 ᾠκηκέναι

373 691 594 740 &meoet-⁸25·
644 695 722 740 τὲν
781 693 830 740 δὲ
887 691 1100 755 Χαγάνσν
1148 693 1262 757 πρὶς
1319 692 1483 750 αὐτοὺς
1522 691 1760 758 πρεσβείαν
1801 696 1973 757 πέμψαι
2013 693 2092 743 καὶ
2131 695 2254 761 δῶρα
2277 700 2370 755 τσῖς
2409 698 2664 764 ἐθνάρχαις

376 779 520 828 αὐτῶν
578 787 656 828 τσῦ
709 787 1001 846 συμμαχῆσαι
1054 780 1173 846 αὐτῷ
1226 781 1349 829 κατὰ
1387 779 1400 839 FF
1440 781 1693 843 ’.Ρωμαίωϊ
1736 782 1775 830 σῖ
1830 782 1879 830 δὲ
1928 780 2163 849 ταξίαρχοι
2201 785 2351 833 αὐτῶν
2391 785 2665 834 ἀπέστειλαν

377 868 538 926 αὒτσὺς
592 868 981 933 ἀπολογήσασθαι
1020 869 1083 933 τῷ
1123 869 1344 935 Χαγσίνῳ7
1401 870 1468 918 ἔτι
1516 869 1565 917 σὺ
1625 869 1833 918 δύνανται
1882 870 1953 918 διὰ
1992 872 2044 919 τὲ
2085 876 2239 934 μῆκος
2279 877 2362 935 τῆς
2403 873 2509 921 ἑέσῦ
2550 874 2666 921 ἀπσ-

374 957 548 1005 στεῖλαι
587 957 708 1021 αὐτῷ
749 957 1021 1022 συμμαχίαν.
1065 958 1386 1006 &zuo-tastum
1425 958 1514 1024 γὰρ
1554 963 1709 1020 μηνῶν
1750 959 1950 1023 ἔφασκσν
1990 962 2268 1020 ποιήσασθαι
2307 961 2560 1027 ἑὲσιπσρὲαν
2588 959 2668 1020 καὶ

375 1046 493 1094 σῦτι.)
534 1049 627 1104 τσῖς
667 1043 905 1108 Ῥωμαίοις
956 1050 1220 1112 περιπεσεῖν·
1264 1048 1467 1112 κιθάρας
1507 1047 1558 1095 δὲ
1595 1049 1916 1114 περιφέρεσθαι
1955 1048 2019 1106 ὡς
2059 1049 2121 1110 μὴ
2162 1047 2340 1108 εἰέἑτας
2381 1050 2504 1098 ’έπλα
2541 1067 2665 1115 περι-

373 1133 605 1193 βαλέσθαι
644 1136 755 1200 τινά,
794 1139 876 1196 τῆς
913 1138 1071 1200 χώρας
1111 1134 1258 1183 αὐτῶν
1300 1134 1554 1199 ἁγνσσὺσης
1594 1137 1645 1184 τὲ
1687 1135 1888 1206 σίδηρσνι
1925 1137 1946 1184 ἑ
1989 1137 2049 1189 δὲ,
2079 1137 2378 1203 αὐτοκράτωρ
2418 1139 2666 1199 θαυμάσας

374 1225 456 1282 τήν
496 1240 545 1271 τε
584 1222 765 1283 ’ἡλικίαν
808 1221 886 1271 καὶ
924 1223 978 1271 τα
1018 1225 1202 1287 μεγέθη
1244 1229 1323 1272 τσῦ
1364 1226 1577 1285 σώμαι-σς
1619 1225 1783 1291 αὐτῶν,
1823 1225 2059 1284 ἐπαινέσας
2086 1224 2148 1284 εἰς
2174 1223 2457 1291 Ἡράκλειαν
2503 1225 2666 1284 αὒτσῦς

373 1313 682 1375 παρέπεμψεν.
693 1314 714 1334 “

549 1400 844 1451 Anastasii
900 1399 1385 1466 chronographia
1434 1403 1745 1467 tripertita.
1803 1401 1920 1472 (Ed.
1974 1401 2034 1456 C.
2091 1404 2154 1453 de
2208 1403 2366 1468 Boot,
2419 1422 2467 1471 p.
2505 1401 2669 1472 165):

381 1491 569 1558 „Anno
626 1491 826 1555 imperii
880 1492 959 1539 sui
1016 1488 1105 1559 (sc.
1148 1487 1406 1558 Mauricii)
1466 1508 1610 1541 nono
1638 1533 1643 1540 ι
1675 1532 1686 1544 .
1717 1530 1727 1541 .
1771 1496 1977 1558 postera
2031 1509 2247 1560 quoque
2288 1494 2370 1543 die
2410 1496 2502 1544 viri
2543 1504 2664 1563 tres,

378 1576 597 1627 Sclavini
639 1593 844 1644 genere,
889 1580 959 1627 nil
1001 1579 1197 1645 aliquid
1238 1578 1462 1629 ferreum
1505 1581 1791 1630 baiulantes
1832 1598 1861 1630 a
1902 1581 2155 1632 Romanis
2197 1582 2390 1632 detenti
2432 1593 2557 1632 sunt
2596 1585 2662 1632 ci-

376 1666 544 1715 tharas
585 1677 787 1716 tantum
831 1665 1066 1720 ferentes.
1096 1670 1379 1735 imperator
1404 1680 1578 1719 autern
1606 1672 1955 1737 interrogabat
1976 1682 2099 1741 tam,
2127 1671 2267 1721 uncle
2291 1682 2484 1740 essent,
2510 1689 2668 1739 quarn

379 1757 592 1806 ubinam
631 1755 878 1806 habitatio
921 1773 1106 1806 eorum
1135 1760 1385 1809 existeret.
1428 1762 1516 1826 qui
1546 1776 1732 1828 genere
1760 1760 1971 1827 quidem
1995 1778 2048 1810 se
2074 1763 2220 1810 aiunt
2245 1777 2354 1810 esse
2382 1759 2672 1830 sclavinos,

378 1847 507 1896 circa
547 1845 706 1896 finem
747 1862 870 1898 vero
913 1845 1261 1898 Occidentalis
1301 1846 1530 1898 habitare
1572 1847 1786 1902 Oceani.
1827 1848 2120 1916 chaganum
2149 1861 2323 1901 autern
2364 1850 2428 1899 ad
2454 1867 2507 1899 se
2535 1850 2669 1916 lega·

379 1938 577 1986 tionem
635 1939 834 1986 misisse
889 1948 938 1987 et
990 1953 1208 1987 munera
1262 1938 1584 2004 principibus
1638 1941 1807 2005 gentis
1861 1956 1986 1989 suae
2028 1939 2309 1989 auxiliandi
2350 1941 2444 1990 sibi
2489 1950 2672 1999 contra

378 2026 662 2078 Romanos
703 2025 984 2076 taxiarchas
1024 2038 1198 2077 autem
1230 2043 1354 2077 suos
1390 2028 1631 2078 direxisse
1657 2030 1912 2078 rationem
1943 2028 2236 2079 reddituros
2263 2027 2515 2096 chagano,
2545 2031 2670 2096 quia

378 2132 484 2166 non
525 2125 748 2189 possunt
790 2127 1000 2181 propter
1041 2118 1233 2166 itineris
1275 2117 1658 2184 longitudinem
1703 2119 1903 2168 mittere
1946 2119 2015 2167 illi
2058 2119 2336 2171 auxilium:
2397 2119 2578 2169 decem
2622 2129 2671 2168 et

379 2215 498 2254 octo
541 2207 678 2253 enim
722 2221 926 2254 menses
968 2206 1332 2255 asseverabant
1371 2207 1420 2254 in
1464 2207 1644 2255 itinere
1683 2223 1738 2256 se
1779 2205 1959 2257 fecisse
2000 2222 2049 2257 et
2075 2210 2141 2258 ita
2171 2207 2445 2258 Romanos
2470 2208 2669 2258 adiisse.

377 2309 535 2360 porro
592 2293 808 2343 citharas
861 2292 990 2344 ferre
1031 2305 1298 2362 tamquam
1342 2312 1448 2345 non
1491 2295 1722 2346 videntes
1762 2313 2089 2364 quemquam
2129 2312 2350 2346 suorum
2392 2300 2549 2347 armis
2591 2299 2676 2346 in-

377 2383 583 2443 dutum,
625 2386 835 2450 regione
876 2401 968 2433 sua
1002 2384 1129 2451 quid
1158 2382 1350 2434 ferrum
1379 2387 1444 2434 sit
1476 2387 1763 2452 ignorante.
1804 2388 2095 2452 imperator
2121 2397 2295 2436 autem
2325 2397 2429 2437 tam
2454 2398 2672 2436 aetatem

379 2473 637 2522 admirans
678 2489 946 2540 quamque
988 2474 1154 2522 moles
1196 2477 1430 2541 corporis
1472 2490 1656 2524 eorum
1700 2475 2007 2525 collaudans
2035 2475 2133 2526 hos
2161 2476 2454 2526 Heracliam
2482 2478 2667 2529 misit.“

554 2562 818 2614 Historia
875 2563 1154 2621 miscella,
1218 2563 1304 2616 lib.
1347 2562 1507 2616 XVII.
1566 2562 1781 2633 (Migne‚
1837 2564 2178 2631 patrologiae,
2220 2563 2325 2617 Ser.
2367 2566 2470 2625 lat,
2511 2563 2673 2630 XCV,

378 2669 427 2718 p.
459 2649 630 2720 1009):
697 2655 884 2713 „Anno
927 2655 1129 2719 imperii
1173 2655 1252 2703 sui
1296 2650 1387 2722 (sc.
1430 2650 1690 2722 Mauricii)
1731 2670 1911 2706 non0.
1944 2696 1954 2707 .
1984 2694 1997 2707 .
2038 2654 2249 2704 Postera
2290 2669 2413 2704 vero
2456 2655 2538 2704 die
2582 2657 2672 2704 viri

376 2751 492 2805 treS,
534 2740 755 2791 Sclavini
796 2753 999 2811 genere,
1040 2743 1110 2791 nil
1150 2743 1347 2810 aliquid
1377 2741 1602 2792 ferreum
1629 2742 1934 2813 bajulanteS‚
1973 2760 2002 2793 a
2030 2743 2283 2794 Romanis
2307 2744 2498 2794 detenti
2533 2755 2699 2814 sunt,¹

379 2829 595 2880 citharas
641 2840 845 2879 tantum
890 2829 1125 2880 ferentes.
1186 2830 1475 2897 Imperator
1515 2843 1689 2882 autem
1733 2834 2096 2902 interrogabat,
2155 2844 2259 2883 tam
2303 2834 2443 2883 unde
2485 2845 2671 2892 essent,

380 2936 538 2987 quam
583 2920 795 2969 ubinam
837 2918 1086 2970 habitatio
1128 2937 1312 2970 eorum
1355 2923 1672 2974 consisteret.
1716 2920 1822 2982 Qui
1849 2938 2036 2988 genere
2058 2923 2274 2990 quidem
2307 2925 2453 2973 aiunt
2481 2940 2538 2972 se
2565 2939 2675 2972 esse

380 3007 661 3069 SclavinoS‚
705 3010 835 3058 circa
874 3006 1034 3058 finem
1078 3026 1197 3059 vero
1241 3010 1574 3060 occidentalis
1615 3010 1843 3061 habitare
1886 3011 2099 3066 Oceani.
2149 3010 2453 3079 Chajanum
2500 3022 2674 3062 autem

380 3099 443 3148 ad
484 3116 536 3147 se
577 3098 890 3165 legationem
934 3101 1150 3168 misisse,
1190 3110 1240 3149 et
1281 3116 1496 3150 munera
1539 3102 1862 3168 principibus
1902 3104 2068 3168 gentis
2094 3119 2235 3172 suae,
2274 3102 2552 3152 auxiliandi
2579 3102 2675 3152 sibi

381 3198 559 3238 contra
614 3187 889 3240 Romanos
937 3190 1112 3255 gratia.
1153 3188 1466 3239 Taxiarchas
1508 3200 1681 3240 autem
1725 3208 1849 3240 suos
1890 3209 1943 3240 se
1984 3192 2227 3241 direxisse
2268 3194 2523 3242 rationem
2567 3191 2674 3240 red·

381 3278 581 3327 dituros
634 3275 888 3343 Chajan0‚
947 3280 1067 3345 quia
1125 3294 1231 3327 non
1289 3290 1513 3345 possunt
1552 3290 1765 3346 propter
1806 3282 1999 3329 itineris
2041 3280 2427 3347 longitudinem
2471 3283 2674 3331 mittere

383 3367 451 3415 illi
494 3366 696 3419 auxilia.
737 3366 931 3416 Decem
973 3368 1112 3415 enim
1155 3377 1204 3416 et
1245 3378 1364 3416 octo
1408 3385 1612 3418 menses
1653 3370 1949 3419 asserebant
1990 3372 2038 3418 in
2082 3372 2260 3419 itinere
2301 3386 2354 3419 se
2396 3368 2592 3436 fecisse,
2631 3380 2680 3419 et

391 3458 457 3506 ita
483 3455 756 3505 Romanos
782 3456 980 3507 adiisse.
1007 3455 1168 3505 Porro
1197 3455 1414 3506 citharas
1442 3474 1495 3506 se
1524 3456 1672 3523 ferre,
1695 3469 1945 3526 tanquam
1967 3475 2074 3509 non
2098 3459 2332 3509 videntes
2352 3476 2677 3527 quemquam

383 3561 602 3596 suorum
646 3547 802 3594 armis
843 3545 1100 3614 indutum,
1151 3547 1362 3612 regione
1403 3564 1496 3596 sua
1538 3548 1666 3615 quid
1706 3551 1771 3597 sit
1811 3547 2006 3598 ferrum
2049 3551 2335 3616 ignorante.
2393 3548 2680 3615 Imperator

385 3646 556 3685 autem
613 3646 722 3684 tam
777 3644 994 3683 aetatem
1038 3634 1317 3695 admirans,
1376 3652 1537 3703 quam
1580 3637 1746 3687 moles
1788 3640 2022 3704 corporis
2064 3653 2249 3687 eorum
2290 3638 2526 3707 laudanS,
2581 3637 2678 3687 hos

386 3726 526 3773 misit
566 3720 915 3774 Heracliam.“

762 3931 764 3934 ,
1369 3849 1481 3934 St.
1538 3867 1708 3936 105.

562 3974 696 4043 592,
740 3989 962 4033 masena
997 3975 1170 4053 iulila.

563 4077 741 4146 Papei
796 4079 1013 4148 Gregor
1066 4079 1146 4151 (Ι.)
1200 4081 1320 4150 pise
1374 4081 1781 4135 ravennskemu
1836 4081 2006 4136 skofu
2062 4082 2233 4136 Ivanu
2289 4089 2372 4136 ter
2425 4098 2515 4136 mu
2556 4084 2677 4136 med

387 4167 603 4234 drugim
643 4168 874 4237 omenja,
912 4171 979 4222 da
1018 4170 1070 4236 je
1110 4175 1182 4239 to,
1234 4170 1339 4223 kar
1379 4186 1469 4224 mu
1505 4169 1559 4237 je
1600 4169 1760 4240 (skof
1793 4169 1948 4240 Ivan)
1986 4171 2130 4240 pisal
2169 4187 2204 4225 o
2243 4172 2436 4225 zadevi
2489 4171 2679 4225 istr-

2863 4178 2872 4342 ,ῳ-μ--α
2867 4091 2872 4165 —--
2868 4043 2872 4069 ,ς
2868 3992 2872 4030 .--
