2872 4504
1307 232 1374 287 St.
1406 247 1507 287 301.
2455 247 2538 287 337

237 414 501 482 praefatus
542 416 855 466 Adalbertus
875 415 913 485 ¹)
970 418 1097 467 mihi
1152 435 1354 469 narrare
1407 428 1772 470 consueverat:
1818 413 2068 485 „Terra“,
2110 418 2350 484 inquiens
2398 420 2541 479 „Hu-

237 520 429 555 norum
473 519 665 553 novem
711 506 913 555 circulis
955 508 1299 573 cingebatur.“
1348 507 1415 557 Et
1443 524 1562 558 cum
1594 523 1709 574 ego,
1751 506 1880 555 alios
1910 505 2131 554 circulos
2160 508 2256 555 nisi
2285 509 2541 557 vimineos

237 595 466 660 cogitare
492 594 715 647 nescius.
747 596 1143 661 interrogarem:
1175 595 1350 664 „Quid
1380 597 1507 645 illud
1533 595 1767 645 miraculi
1794 592 1891 644 fuit
1934 589 2215 643 domine?“
2249 596 2540 660 respondit:

236 681 480 751 „Novem
520 679 677 747 hegin
694 677 736 748 ²)
779 682 1163 734 muniebatur.“
1209 682 1457 751 Cumque
1499 695 1549 733 et
1588 685 1703 733 illos
1744 684 1953 732 alterius
1988 684 2189 746 generis
2231 699 2340 731 esse
2382 687 2543 733 nesci-

232 785 360 836 rem,
400 770 497 817 nisi
539 769 725 835 quales
765 773 1026 837 segetibus
1066 771 1238 821 solent
1276 772 1561 838 praetendi,
1610 773 1888 838 inquisitus
1930 772 2084 820 etiam
2126 770 2190 818 de
2230 769 2348 833 hoc,
2392 772 2542 822 dixit:

240 856 409 917 „Tam
449 858 584 906 latus
626 855 725 907 fuit
765 875 902 908 unus
943 860 1181 917 circuluS,
1209 859 1313 910 hoc
1339 871 1415 910 est
1439 872 1644 910 tantum
1674 863 1804 910 intra
1832 876 1884 908 se
1919 844 2334 925 comprehendit,
2377 877 2546 927 quan-

236 956 351 995 tum
393 947 634 1010 spacium
676 957 751 995 est
790 948 854 995 de
896 959 1062 997 castro
1104 947 1301 998 Turico
1343 949 1408 998 ad
1450 947 1847 1007 Constantiam;
1901 951 1968 997 ita
2019 948 2280 1013 stipitibus
2336 952 2548 1015 quernis

233 1033 419 1102 faginis
459 1035 542 1083 vel
582 1035 812 1102 abiegnis
854 1047 1158 1094 exstructus,
1212 1048 1269 1086 ut
1307 1038 1371 1086 de
1414 1039 1647 1103 margine
1688 1037 1753 1086 ad
1795 1038 2095 1103 marginem.
2129 1051 2194 1085 20
2237 1037 2396 1102 pedes
2436 1047 2545 1086 ten-

240 1124 449 1196 deretur
489 1126 541 1172 in
582 1125 764 1179 latum.
810 1135 859 1173 et
897 1125 1118 1174 totidem
1161 1126 1514 1193 subrigeretur
1554 1129 1604 1174 in
1647 1126 1837 1185 altum;
1881 1127 2070 1175 cavitas
2097 1136 2275 1175 autem
2308 1114 2548 1175 universa

234 1222 328 1261 aut
367 1212 659 1260 durissimis
698 1212 961 1278 lapidibus
1002 1224 1092 1263 aut
1131 1224 1265 1263 creta
1307 1215 1634 1263 tenacissima
1676 1213 1982 1280 repleretur;
2036 1229 2196 1279 porro
2247 1212 2547 1280 superficies

234 1301 497 1350 vallorum
540 1301 832 1349 eorundem
874 1304 1217 1370 integerrimis
1259 1304 1540 1368 cespitibus
1581 1311 1852 1369 tegeretur.
1894 1301 2032 1352 Inter
2059 1318 2292 1369 quorum
2319 1301 2547 1353 confinia

231 1389 606 1456 plantabantur
645 1390 966 1459 arbusculae,
1006 1407 1157 1458 quae,
1203 1401 1260 1440 ut
1299 1406 1506 1440 cernere
1547 1391 1796 1453 solemus,
1839 1391 2065 1442 abscisae
2104 1402 2260 1459 atque
2286 1395 2548 1458 proiectae

233 1494 415 1528 comas
455 1477 735 1528 caudicum
778 1477 1137 1547 foliorumque
1179 1478 1470 1545 proferunt.
1511 1478 1646 1528 Inter
1685 1478 1784 1529 hos
1827 1482 1983 1546 igitur
2022 1495 2234 1548 aggeres
2276 1482 2343 1530 ita
2371 1483 2470 1531 vici
2498 1492 2548 1531 et

230 1568 383 1618 villae
426 1578 570 1616 erant
609 1567 824 1626 locatae,
852 1564 867 1637 ΙΙ
895 1578 952 1617 ut
979 1569 1042 1616 de
1083 1569 1194 1617 aliis
1235 1569 1298 1616 ad
1341 1568 1465 1617 alias
1491 1584 1594 1617 vox
1632 1567 1865 1618 humana
1905 1579 2084 1634 posset
2121 1570 2305 1622 audiri.
2345 1568 2544 1620 Contra
2575 1595 2621 1640 p,
2654 1584 2761 1628 668,

237 1656 422 1706 eadem
447 1670 573 1705 vero
601 1653 834 1704 aedificia
875 1658 1007 1704 inter
1033 1657 1461 1723 inexpugnabiles
1491 1657 1607 1705 illos
1635 1671 1818 1706 muros
1843 1667 2024 1723 portae
2053 1673 2161 1707 non
2190 1660 2311 1707 satis
2342 1659 2548 1724 amplae

232 1755 283 1794 et
320 1745 454 1794 latae
497 1754 642 1793 erant
682 1746 1023 1811 constitutae3
1064 1760 1157 1811 per
1196 1762 1327 1812 quas
1367 1745 1708 1795 latrocinandi
1738 1748 1900 1811 gratia
1926 1761 2035 1806 non
2070 1747 2246 1796 solum
2272 1749 2548 1797 exteriores

232 1834 324 1883 sed
366 1835 524 1882 etiam
565 1835 835 1883 interiores
877 1836 1010 1882 exire
1053 1834 1308 1887 solebant.
1377 1833 1504 1883 Item
1548 1834 1612 1883 de
1652 1834 1887 1884 secundo
1930 1836 2142 1904 circulo,
2182 1838 2273 1904 qui
2314 1837 2549 1886 similiter

235 1934 293 1973 ut
332 1925 536 1990 primus
578 1934 687 1972 erat
726 1934 1031 1992 exstructus,
1074 1938 1141 1972 20
1167 1924 1385 1972 miliaria
1413 1921 1763 1992 Theutonica,
1803 1939 1938 1991 quae
1978 1934 2102 1974 sunt
2139 1938 2211 1989 40
2254 1923 2441 1986 Italica,
2483 1926 2548 1975 ad

231 2014 455 2063 tercium
495 2028 664 2081 usque
705 2013 1080 2079 tendebantur3
1121 2013 1358 2061 similiter
1397 2029 1566 2079 usque
1607 2013 1673 2061 ad
1712 2009 2002 2081 nonum³);
2044 1999 2286 2081 quamvis
2327 2017 2424 2080 ipsi
2452 2018 2550 2065 cir-

233 2102 336 2152 culi
379 2101 510 2150 alius
551 2102 653 2150 alio
698 2102 867 2150 multo
910 2103 1282 2150 contractiores
1323 2099 1530 2153 fuerint.
1568 2100 1647 2150 De
1689 2101 1884 2150 circulo
1926 2118 2145 2169 quoque
2186 2103 2252 2152 ad
2292 2104 2545 2158 circulum

233 2192 306 2240 sic
347 2200 494 2240 erant
531 2192 892 2257 possessiones
934 2200 983 2239 et
1021 2188 1315 2239 habitacula
1356 2190 1591 2257 undique
1634 2190 1886 2256 ordinata,
1944 2200 2001 2239 ut
2048 2191 2263 2258 clangor
2302 2193 2547 2243 tubarum

235 2280 368 2329 inter
406 2280 610 2345 singula
651 2291 831 2345 posset
870 2281 1123 2346 cuiusque
1164 2281 1235 2328 rei
1276 2276 1651 2346 significativus
1692 2277 1939 2329 adverti.“
1981 2280 2066 2329 Ad
2106 2297 2239 2348 quas
2279 2297 2402 2350 ergo
2431 2299 2547 2332 mu-

234 2370 461 2418 nitiones
502 2384 597 2434 per
635 2369 891 2418 ducentos
933 2378 984 2417 et
1023 2384 1085 2417 eo
1127 2369 1355 2434 amplius
1396 2384 1564 2418 annos
1606 2368 2002 2436 qualescunque
2036 2371 2280 2419 omnium
2309 2371 2549 2420 occiden-

231 2457 415 2507 talium
457 2458 660 2507 divitias
699 2457 847 2508 Huni
890 2467 1265 2523 congregantes
1326 2472 1447 2507 cum
1489 2467 1540 2507 et
1579 2455 1739 2507 Gothi
1784 2467 1834 2507 et
1857 2456 2105 2508 Wandali
2147 2461 2379 2527 quietem
2410 2475 2549 2510 mor-

235 2547 423 2597 talium
464 2547 840 2615 perturbarent,
882 2547 1063 2596 orbem
1099 2547 1382 2596 occiduum
1409 2563 1543 2613 pene
1570 2563 1799 2596 vacuum
1825 2546 2152 2600 dimiserunt.
2193 2545 2347 2608 Quos
2371 2558 2549 2598 tamen

234 2638 607 2686 invictissimus
663 2636 886 2685 Karolus
941 2637 1008 2685 ita
1059 2637 1109 2683 in
1169 2638 1317 2685 annis
1364 2646 1478 2685 acto
1519 2635 1838 2702 perdomuit,
1883 2646 1941 2686 ut
1979 2636 2043 2685 de
2085 2638 2157 2685 eis
2198 2653 2263 2685 ne
2303 2640 2549 2687 minimas

233 2725 451 2792 quidem
494 2725 739 2793 reliquias
780 2740 1048 2774 remanere
1091 2726 1395 2790 permiserit.
1435 2728 1482 2773 A
1522 2723 1832 2792 Bulgaribus
1871 2739 1996 2774 vero
2046 2725 2165 2775 ideo
2207 2742 2426 2776 manum
2469 2742 2549 2776 re-

235 2817 402 2882 traxit,
441 2817 582 2883 quia,
624 2814 866 2865 videlicet
907 2814 1079 2863 Hunis
1120 2816 1396 2872 exstinctis,
1427 2829 1589 2880 regno
1618 2812 1944 2863 Francorum
1973 2812 2133 2863 nicbil
2158 2816 2382 2864 nocituri
2408 2815 2548 2865 vide-

233 2914 427 2957 rentur.
466 2903 631 2953 Porro
673 2903 921 2969 praedam
965 2905 1015 2951 in
1057 2901 1331 2951 Pannonia
1371 2912 1627 2968 repertam
1670 2917 1763 2968 per
1802 2904 2071 2969 episcopia
2111 2903 2192 2952 vel
2233 2905 2549 2954 monasteria

232 2993 590 3043 liberalissima
632 2993 888 3042 divisione
930 2988 1237 3043 distribuit.“

406 3095 590 3148 Poeta
608 3095 765 3147 Saxo
782 3096 846 3144 ad
867 3112 910 3146 a.
931 3094 1055 3164 796,
1074 3095 1161 3147 lib.
1176 3092 1258 3163 111,
1273 3110 1319 3145 v.
1340 3091 1957 3164 297—312(Jaffe,Bibl.
1974 3110 2067 3148 rer.
2085 3093 2280 3159 Germ„
2298 3094 2383 3165 IV,
2401 3092 2547 3164 583):

770 3227 883 3297 „At
921 3229 1027 3277 dux
1067 3226 1239 3277 Italiae
1281 3226 1552 3295 Pippinus,
1592 3228 1733 3292 regia
1774 3228 1964 3293 proles,

766 3318 1041 3366 Adiunctis
1082 3315 1363 3365 Baioaricis
1402 3316 1700 3381 legionibus
1740 3316 1829 3373 illi,

767 3406 942 3456 Hunis
984 3406 1226 3455 intulerat
1265 3403 1479 3473 bellum,
1519 3406 1591 3453 sic
1631 3414 1776 3470 patre
1818 3405 2047 3456 iubente.

415 3567 447 3621 ¹)
478 3568 553 3613 Tu
584 3569 823 3623 omenjeni
856 3567 1085 3612 Adalbert
1116 3577 1170 3610 se
1194 3566 1247 3620 je
1278 3565 1375 3621 pod
1406 3565 1667 3610 vodstvom
1707 3567 1842 3622 grofa
1884 3566 2095 3612 Gerolda
2126 3566 2200 3624 (cf.
2224 3567 2283 3612 st.
2308 3567 2411 3624 326)
2442 3570 2548 3623 voj-

234 3641 412 3687 skoval
442 3655 468 3686 z
501 3642 635 3700 Obri,
667 3642 775 3687 Sasi
807 3643 857 3686 in
889 3641 1101 3687 Slovani.
1135 3641 1211 3685 Ko
1236 3643 1288 3696 je
1319 3640 1386 3684 bil
1417 3643 1470 3684 ie
1501 3652 1533 3683 v
1556 3639 1685 3697 letih,
1709 3642 1762 3695 je
1794 3640 2144 3697 pripovedoval
2165 3642 2306 3696 svoje
2327 3642 2549 3696 dogodke

232 3715 335 3760 tudi
365 3715 558 3761 tistemu
590 3716 759 3774 deCku‚
790 3716 842 3760 ki
867 3717 919 3772 je
951 3717 1151 3771 pozneje
1183 3714 1343 3771 postal
1375 3713 1534 3758 menih
1557 3727 1587 3758 v
1609 3713 1676 3759 St.
1700 3706 1906 3759 Gallenu
1937 3718 2010 3759 ter
2040 3714 2128 3759 kot
2158 3715 2241 3759 tak
2273 3715 2428 3771 opisal
2449 3715 2547 3760 iiv-

234 3788 380 3845 lienje
411 3790 591 3834 Karola
624 3790 871 3846 Velikega.

414 3862 447 3918 ')
485 3864 691 3920 „Hegin“
720 3866 772 3919 je
804 3870 867 3917 to,
900 3865 991 3908 kar
1023 3863 1215 3917 Gehege
1247 3861 1465 3918 (ogi-aja).

414 3936 447 3994 ⁸)
478 3927 547 3983 Ce
578 3937 765 3994 pisatelj
801 3937 954 3995 pravi,
987 3937 1046 3981 da
1070 3939 1123 3992 je
1156 3936 1254 3979 bilo
1288 3935 1350 3979 od
1382 3945 1562 3990 prvega
1594 3934 1747 3989 kroga
1778 3934 1840 3980 do
1873 3935 2083 3992 drugega
2115 3936 2303 3992 dvajset
2323 3936 2547 3980 nemskih

234 4009 351 4066 milj,
383 4011 447 4056 od
478 4012 687 4067 drugega
718 4012 780 4056 do
812 4013 1010 4067 tretjega
1058 4010 1158 4054 tudi
1200 4009 1355 4053 toliko
1388 4009 1435 4051 in
1467 4008 1582 4052 tako
1627 4008 1753 4064 dalje
1785 4009 1847 4054 do
1880 4010 2122 4068 devetega‚
2146 4012 2199 4066 je
2230 4010 2343 4055 taka
2373 4010 2547 4055 trditev

234 4085 489 4140 pretirana.
524 4085 639 4141 Vsaj
675 4086 782 4130 med
814 4085 1019 4129 Donavo
1052 4084 1099 4127 in
1132 4083 1248 4127 Tiso
1281 4082 1335 4126 se
1366 4081 1520 4126 toliko
1553 4086 1778 4137 prostora
1809 4082 1872 4126 ni.
1904 4084 2067 4128 Znano
2095 4086 2159 4142 je,
2191 4084 2251 4128 da
2281 4083 2547 4127 monachus

236 4157 566 4214 Sangallensis
595 4160 645 4203 ni
676 4159 909 4214 zanesniv
940 4156 1358 4215 pripovedovalee.
1393 4156 1642 4211 Primerjai
1676 4155 1778 4201 tudi
1809 4156 2000 4202 doticno
2034 4157 2221 4214 opazko
2243 4158 2339 4214 pod
2361 4158 2419 4202 st.
2444 4161 2545 4201 254.

2308 4251 2364 4291 27
