2872 4504
1225 265 1290 319 St.
1325 279 1425 330 181,
1458 278 1558 318 182.
2468 277 2552 315 221

1665 343 1840 350 —-———

986 626 991 633 ¹
1243 528 1355 613 st..
1411 546 1554 614 181.

428 650 502 708 od
531 651 662 708 ’668
702 651 770 709 do
813 652 940 710 673.

427 755 705 809 Gradeski
730 757 974 824 patriarh
1019 739 1281 811 Stefan
1305 758 1450 825 11.je
1492 760 1566 812 bil
1609 761 1772 812 doma
1813 772 1849 809 v
1886 755 2117 810 Poreou,
2156 756 2232 809 Za
2271 756 2553 824 patriarha

251 860 318 899 so
367 860 439 912 ga
494 844 707 897 izvolili
758 845 873 898 tisti
929 845 1129 914 skofJe‚
1185 847 1496 899 duhovniki
1550 848 1607 899 in
1647 845 1953 915 prebivaloi
1991 844 2152 897 Nove
2199 843 2460 910 Veneoije
2500 845 2556 896 in

252 933 408 1002 Istre‚
463 932 524 984 ki
577 932 705 985 niso
757 931 922 986 iiveli
973 936 1084 1001 pod
1136 934 1596 1002 langobardskim
1633 935 1885 1001 jarmom.
1926 932 2126 986 Vladal
2160 931 2216 999 je
2256 938 2348 1000 pet
2387 934 2463 985 let
2501 933 2558 985 in

248 1022 356 1074 dva
383 1036 616 1074 meseca.
655 1019 740 1073 Ko
763 1019 818 1087 je
844 1022 1004 1086 umrl,
1041 1020 1097 1087 je
1137 1022 1215 1075 bil
1253 1023 1518 1090 pokopan
1556 1039 1627 1076 na
1668 1020 1923 1076 Gradeiu
1962 1036 1998 1073 v
2038 1021 2228 1089 kapeli
2266 1035 2347 1073 sv.
2372 1020 2557 1073 Ivana.

436 1125 690 1176 Cronica
732 1127 802 1175 de
853 1126 1100 1190 singulis
1138 1105 1491 1191 patriarchis
1543 1122 1703 1178 nove
1745 1126 2014 1191 Aquileie
2060 1123 2391 1195 (MonticolO,
2431 1121 2560 1172 Cro·

246 1212 409 1264 nache
438 1213 749 1282 Veneziane,
788 1212 822 1271 1,
877 1210 981 1282 11):
1016 1213 1248 1273 „Deinde
1270 1212 1360 1284 (sc.
1389 1226 1509 1281 post
1535 1212 1849 1282 Maximum)
1874 1214 2126 1263 successit
2165 1213 2230 1262 ad
2270 1211 2554 1278 regendam

247 1303 516 1372 ecclesiam
545 1301 839 1368 Stephanus
867 1302 1058 1367 presul,
1099 1305 1191 1370 qui
1218 1319 1337 1355 ann.
1365 1319 1588 1352 numero
1618 1303 1662 1353 V
1691 1300 1927 1368 pontifex
1955 1300 2067 1353 fuit.
2094 1317 2157 1351 eo
2185 1316 2309 1350 vero
2340 1309 2555 1349 mortuo

247 1403 403 1459 atque
430 1391 636 1457 sepulto
665 1393 714 1439 in
759 1391 947 1439 eodem
990 1401 1156 1440 castro
1198 1390 1289 1460 (sc.
1322 1389 1596 1460 Gradensi)
1638 1394 1778 1440 iuxta
1819 1391 2085 1440 basilicam
2128 1391 2264 1439 beati
2303 1387 2560 1438 Johannis

246 1478 639 1546 evvangeliste.“

421 1584 715 1636 Johannis
774 1584 1006 1634 diaconi
1066 1582 1407 1634 Chronioon
1466 1580 1755 1635 Venetum
1821 1581 2154 1652 (Monticolo,
2206 1583 2238 1635 l.
2271 1598 2313 1631 c.
2350 1582 2385 1642 I,
2431 1577 2547 1649 87):

249 1670 423 1743 „Huic
462 1671 552 1742 (sc.
582 1669 838 1739 Maximo)
881 1674 1130 1722 successit
1169 1671 1466 1738 Stephanus
1508 1669 1847 1738 patriarcha.“

423 1762 549 1814 Ibid.
574 1763 645 1828 (p.
674 1759 789 1829 88):
823 1766 1015 1831 „Anno
1042 1763 1105 1811 ab
1135 1764 1490 1811 incarnatione
1518 1762 1731 1833 Domini
1761 1763 2142 1810 sexcentesimo
2166 1764 2560 1828 septuagesimo

244 1848 536 1919 secundo')
577 1850 874 1918 Stephanus
930 1848 1217 1917 patriarcha
1270 1867 1330 1899 ex
1376 1849 1472 1900 hac
1512 1851 1627 1900 luce
1669 1851 1926 1916 migravit,
1983 1852 2073 1917 qui
2116 1851 2386 1900 ecclesiam
2430 1850 2561 1901 Gra-

249 1942 465 1990 densem
506 1943 634 1989 rexit
673 1957 839 1990 annos
881 1942 1134 2007 quinque.

426 2044 766 2095 Chronicon
806 2044 1098 2095 Venetum
1140 2045 1315 2108 vulgo
1356 2044 1619 2095 Altinate
1660 2042 1805 2113 (MG.
1851 2043 1959 2109 SS,
2010 2045 2152 2114 XIV,
2215 2045 2326 2111 17):
2385 2046 2561 2115 „Huic
2651 2051 2656 2055 ”

242 2131 335 2204 (sc.
366 2130 620 2202 Maximo)
672 2135 920 2182 successit
974 2131 1270 2198 Stephanus
1324 2132 1627 2202 patriarcha,
1675 2135 1766 2200 qui
1816 2131 1915 2184 fuit
1966 2137 2186 2184 nacione
2239 2134 2557 2185 Parenciane

245 2225 488 2282 civitatis;
530 2225 655 2273 vixit
697 2226 746 2271 in
790 2221 1137 2290 patriarchatu
1179 2239 1260 2275 an.
1306 2230 1384 2286 5.“

425 2327 679 2379 Danduli
727 2327 1085 2390 chronicon,
1140 2326 1226 2395 VI,
1267 2343 1307 2379 c.
1334 2344 1364 2392 9
1406 2325 1699 2398 (Muratori,
1751 2327 1933 2394 Script.
1959 2344 2054 2381 rer.
2080 2328 2204 2397 Ital.,
2243 2329 2354 2388 XII,
2406 2326 2557 2397 121):

248 2415 579 2487 „Stephanus
633 2417 896 2466 secundus
951 2414 1240 2482 patriarcha
1302 2427 1501 2466 creatus
1551 2427 1627 2466 est
1667 2434 1806 2467 anno
1848 2417 2066 2467 Domini
2110 2413 2418 2486 DCLXX.²)
2459 2419 2560 2468 Hic

243 2506 483 2557 Parentio
511 2507 714 2555 civitate
745 2505 917 2555 Istriae
946 2516 1116 2574 natus,
1156 2506 1218 2554 ab
1261 2507 1539 2574 episcopis,
1579 2507 1718 2557 clero
1761 2517 1811 2556 et
1851 2508 2057 2573 populo
2098 2524 2267 2558 novae
2309 2507 2558 2558 Venetiae

244 2606 295 2645 et
335 2593 524 2653 Istriae,
568 2597 661 2662 qui
703 2611 731 2644 a
774 2594 1252 2661 Longobardorum
1289 2594 1419 2661 jugo
1461 2598 1686 2662 exempti
1730 2607 1891 2656 erant,
1943 2595 2231 2662 patriarcha
2273 2597 2467 2646 electus
2510 2607 2561 2645 et

245 2694 576 2734 consecratus
617 2682 741 2735 est.“

423 2786 549 2840 Ibid.
584 2786 670 2846 VI,
713 2803 754 2840 c.
783 2804 833 2856 9,
857 2803 974 2854 pars
1002 2787 1032 2836 8
1061 2785 1114 2857 (1.
1142 2803 1183 2840 c.
1208 2805 1258 2853 p.
1295 2785 1446 2856 122):
1476 2788 1808 2858 „Stephanus
1850 2793 2028 2858 itaque
2071 2789 2359 2856 patriarcha
2399 2788 2561 2839 finitis

244 2878 393 2927 annis
446 2876 503 2937 V,
559 2878 829 2927 mensibus
885 2876 927 2925 11
970 2878 1020 2925 in
1063 2877 1279 2927 ecclesia
1319 2894 1413 2927 sua
1457 2880 1679 2928 moritur
1719 2890 1769 2929 et
1808 2882 1860 2928 in
1903 2879 2100 2946 capella
2140 2882 2302 2929 sancti
2341 2879 2560 2930 Joannis

245 2968 297 3015 in
339 2967 522 3016 eadem
565 2967 692 3016 urbe
733 2967 971 3033 sepultus
1013 2963 1136 3019 est.“

1240 3193 1350 3279 st.
1403 3211 1560 3280 182.

562 3320 574 3332 “
658 3320 691 3375 7
735 3318 783 3374 ,⁸

424 3318 752 3478 gzzlnyetngs
784 3321 1087 3464 >Ravennas
1127 3410 1346 3477 omenja
1385 3427 1422 3464 v
1461 3411 1609 3477 svoji
1649 3411 2100 3481 Cosmographiji
2127 3411 2237 3483 (IV,
2277 3427 2323 3467 o.
2355 3416 2437 3482 19,
2477 3415 2559 3467 ed.

246 3497 448 3552 Pinder
467 3505 521 3552 et
542 3499 794 3568 Parthey‚
828 3514 875 3567 p.
904 3501 1029 3564 215,
1057 3499 1187 3570 216)
1229 3501 1351 3553 med
1390 3501 1631 3569 drugimi
1671 3516 1706 3570 p
1727 3517 1810 3554 an
1830 3517 1866 3555 o
1884 3518 1919 3554 n
1940 3517 1968 3555 s
1989 3502 2027 3554 k
2050 3502 2171 3555 imi
2211 3517 2309 3555 me
2326 3503 2420 3556 sti
2442 3502 2557 3555 tudi

431 3674 461 3728 Ι)
495 3675 787 3732 Primogenij
816 3677 870 3731 je
901 3677 1061 3733 postal
1093 3677 1322 3732 gradeski
1356 3678 1570 3733 patriarh
1602 3677 1694 3723 leta
1728 3682 1826 3723 628.
1879 3680 1988 3724 Ako
2022 3682 2066 3735 je
2098 3691 2178 3724 res
2210 3679 2370 3725 vladal
2402 3685 2459 3724 20
2494 3679 2559 3724 let

246 3748 295 3792 in
320 3753 346 3793 3
378 3760 579 3806 mesece,
610 3752 787 3806 njegov
819 3751 1073 3795 naslednik
1105 3752 1315 3795 Maksim
1347 3751 1446 3796 tudi
1479 3756 1536 3795 20
1569 3752 1646 3810 let,
1678 3744 1840 3797 Stefan
1872 3754 1931 3797 11.
1965 3766 2026 3809 pa
2058 3757 2084 3798 5
2117 3754 2182 3798 let
2213 3754 2261 3798 in
2294 3759 2334 3798 2.
2355 3766 2558 3812 mesoca,

249 3822 372 3878 tedaj
407 3834 623 3867 moramo
655 3824 801 3881 trditi,
833 3825 891 3868 da
920 3826 968 3879 je
1000 3830 1048 3869 ta
1080 3826 1203 3869 umrl
1235 3826 1329 3869 leta
1363 3829 1478 3883 673.,
1510 3838 1571 3870 ne
1602 3839 1663 3882 pa
1696 3830 1812 3884 672.,
1844 3827 2004 3871 kakor
2035 3828 2140 3883 pise
2172 3828 2377 3874 kronist.

432 3896 464 3952 ²)
495 3898 694 3942 Zastran
726 3898 960 3953 datiranja
992 3899 1055 3955 gl.
1078 3899 1275 3955 Rubeis‚
1308 3900 1437 3944 Mon.
1462 3899 1573 3944 eccl.
1600 3901 1778 3957 Aquil.,
1810 3901 1902 3945 col.
1929 3906 2015 3946 303
2047 3903 2096 3946 in
2129 3905 2228 3947 305.

428 3970 461 4027 ')
491 3973 779 4030 Anonymus
811 3973 1069 4018 Ravennas
1093 3974 1146 4028 je
1177 3973 1378 4018 sestavil
1411 3976 1549 4029 svoje
1582 3975 1884 4030 geografieno
1917 3976 2025 4021 delo
2058 3978 2165 4021 med
2197 3977 2342 4021 letom
2375 3979 2475 4019 667.
2509 3977 2557 4019 in

250 4046 350 4088 670.
375 4057 438 4100 po
472 4045 554 4088 Kr.
589 4070 642 4076 —
667 4046 765 4090 Ker
789 4048 841 4102 je
873 4047 1073 4102 gradivo
1106 4048 1304 4103 zajemal
1336 4048 1377 4091 iz
1411 4048 1638 4102 starejsih
1669 4049 1854 4107 spisov,
1886 4055 1992 4094 zato
2024 4063 2077 4095 za
2109 4052 2226 4096 uase
2257 4053 2395 4106 kraje
2427 4051 2555 4096 veci-

245 4127 388 4160 noma
409 4117 458 4161 ni
481 4118 629 4163 orisal
650 4120 929 4175 takratnega
946 4121 1313 4177 zemljepisnega
1330 4124 1499 4177 stanja.
1535 4121 1634 4166 Kar
1666 4134 1774 4166 nam
1807 4125 1995 4182 navaja,
2031 4136 2086 4169 se
2119 4126 2342 4171 navadno
2374 4126 2557 4169 nanasa

252 4189 306 4234 Ee
336 4202 398 4234 na
429 4203 639 4237 razmere
671 4206 703 4238 v
735 4193 906 4238 rimski
938 4194 1063 4239 dobi.
