2872 4504
231 802 245 816 .
274 777 344 816 78.

377 233 398 271 7
414 233 439 270 0
1446 214 1512 270 St.
1536 230 1604 269 71.

374 407 504 455 dum
534 406 724 455 Alboin
754 409 990 455 animum
1014 405 1314 462 intenderet,
1358 421 1516 470 quem
1558 406 1608 451 in
1634 402 1714 452 his
1738 405 1867 453 locis
1895 405 2084 453 ducem
2111 408 2423 455 constituere
2455 407 2682 475 deberet,

376 492 659 557 Gisulfum,
703 505 760 543 ut
799 493 975 557 fertur,
1017 511 1172 541 suum
1216 502 1483 559 nepotem,
1522 494 1689 541 virum
1735 508 1828 558 per
1868 495 2046 542 omnia
2085 494 2356 562 idoneum,
2395 497 2484 561 qui
2512 495 2682 544 eidem

377 593 567 631 strator
606 593 726 650 erat,
766 599 925 649 quem
971 583 1147 648 lingua
1188 583 1400 647 propria
1434 578 1764 649 „marpahis“
1797 582 2077 649 appellant,
2119 581 2467 632 Foroiulanae
2493 586 2681 633 civitati

378 680 426 718 et
465 679 602 718 totae
645 670 780 719 illius
821 673 1021 736 regioni
1063 667 1339 735 praeficere
1381 671 1571 720 statuit.
1614 667 1720 728 Qui
1744 668 1979 719 Gisulfus
2020 686 2126 719 non
2170 673 2313 736 prius
2352 688 2406 720 se
2448 673 2680 739 regimen

378 758 611 807 eiusdem
641 761 857 808 civitatis
886 770 935 808 et
956 760 1140 824 populi
1160 769 1527 824 suscepturum
1551 757 1721 826 edixit,
1734 760 1830 806 nisi
1850 755 1924 828 eil!
1944 775 2074 825 quas
2096 761 2204 824 ipse
2227 760 2413 826 eligere
2435 761 2688 809 voluisset

373 846 841 913 Langobardorum
885 846 1033 909 faras,
1073 846 1175 896 hoc
1216 857 1292 895 est
1332 848 1692 913 generationes
1731 847 1814 895 vel
1842 847 2016 909 lineas,
2056 847 2317 900 tribueret.
2358 847 2686 915 Factumque

373 945 463 997 est,
491 945 541 983 et
565 936 947 984 annuentesibi
973 951 1090 1001 rege
1113 952 1243 1002 quas
1277 935 1543 984 obtaverat
1567 934 2037 1001 Langobardorum
2066 938 2372 1001 praecipuas
2397 938 2683 1002 prosapias,

375 1033 431 1071 ut
471 1039 592 1071 cum
635 1040 698 1072 eo
739 1022 1044 1081 habitarent,
1087 1025 1297 1088 accepit.
1342 1022 1409 1071 Et
1450 1025 1517 1071 ita
1558 1023 1776 1071 demum
1805 1024 2035 1072 doctoris
2063 1022 2324 1073 honorem
2346 1025 2566 1091 adeptus
2592 1036 2683 1075 est.

372 1111 620 1177 Poposcit
669 1129 885 1180 quoque
926 1129 955 1161 a
995 1128 1111 1179 rege
1153 1127 1524 1178 generosarum
1582 1128 1839 1178 equarum
1894 1127 2091 1181 greges,
2138 1123 2188 1162 et
2226 1115 2278 1162 in
2321 1112 2424 1163 hoc
2467 1130 2687 1182 quoque

371 1200 674 1249 liberalitate
716 1203 965 1266 principis
1009 1202 1281 1250 exauditus
1323 1197 1447 1251 est.“

543 1288 669 1341 Ibid.
694 1305 738 1338 c.
778 1306 852 1351 ¹4·
878 1287 930 1359 (l.
958 1306 998 1342 c.
1029 1307 1077 1356 p.
1106 1286 1224 1357 81):
1271 1328 1294 1351 ,‚
1326 1329 1367 1340 ..
1398 1331 1407 1340 .
1440 1288 1659 1338 Venetia
1686 1291 1825 1337 enim
1855 1306 1963 1338 non
1993 1290 2166 1339 solum
2198 1292 2249 1339 in
2277 1292 2457 1356 paucis
2486 1291 2684 1352 insulis,

372 1394 502 1445 quas
543 1393 682 1426 nunc
724 1377 966 1427 Venetias
1008 1379 1247 1444 dicimus,
1288 1388 1506 1437 constat,
1547 1378 1639 1426 sed
1679 1380 1791 1426 eius
1831 1381 2088 1427 terminus
2114 1379 2466 1429 aPannoniae
2491 1378 2688 1430 finibus

374 1483 541 1533 usque
587 1466 829 1515 Adduam
870 1465 1092 1516 fluvium
1135 1467 1438 1532 protelatur.
1478 1506 1490 1519 .
1519 1506 1531 1519 .
1556 1465 1849 1519 ‚Venetiae
1891 1469 2046 1516 etiam
2073 1467 2267 1517 Histria
2289 1471 2592 1527 conectitur,
2636 1482 2687 1519 et

372 1566 623 1622 utraeque
678 1571 771 1620 pro
826 1572 930 1604 una
983 1558 1251 1622 provincia
1307 1555 1581 1607 habentur.
1633 1555 1829 1604 Histria
1882 1567 2058 1605 autem
2110 1558 2174 1605 ab
2227 1557 2407 1607 Histro
2464 1556 2684 1608 flumine

374 1646 793 1710 cognominatur.
850 1643 1001 1704 Quae
1041 1646 1334 1694 secundum
1377 1644 1673 1693 Romanam
1715 1643 1987 1694 historiam
2040 1647 2282 1711 amplior,
2342 1663 2501 1714 quam
2544 1657 2687 1698 n'unc

372 1744 461 1791 est,
506 1732 663 1782 fuisse
703 1731 1018 1798 perhibetur.
1044 1733 1219 1782 Huius
1262 1732 1507 1783 Venetiae
1548 1733 1791 1800 Aquileia
1832 1735 2006 1783 civitas
2035 1737 2197 1784 extitit
2221 1746 2409 1800 caput;
2451 1752 2547 1802 pro
2578 1753 2684 1804 qua

373 1838 515 1872 nunc
557 1822 754 1872 Forum
811 1822 941 1883 Iulii,
984 1826 1051 1873 ita
1093 1825 1309 1882 dictum,
1359 1825 1506 1891 quod
1549 1823 1710 1873 Iulius
1753 1822 1945 1873 Caesar
1983 1826 2355 1890 negotiationis
2398 1823 2574 1874 forum
2616 1826 2683 1875 ibi

373 1922 634 1976 statuerat,
675 1910 943 1964 habetur.“

539 2001 810 2052 Andreae
865 2001 1233 2066 Bergomatis
1283 2002 1564 2066 Historia,
1618 2018 1658 2053 c.
1699 2015 1740 2053 1.
1779 1999 1923 2070 (MG.
1961 2000 2048 2054 SS.
2092 2017 2184 2051 rer.
2227 2001 2475 2068 Langob„
2526 2000 2683 2071 222):

377 2088 571 2158 „Igitur
611 2089 941 2156 Langobardi
986 2093 1298 2140 introierunt
1338 2090 1478 2140 Italia
1521 2106 1613 2156 per
1654 2089 2098 2140 Foroiulanorum
2141 2093 2443 2142 terminum.
2493 2091 2680 2141 Alboin

374 2181 554 2244 nepoti
576 2182 654 2228 sui
673 2177 856 2228 Gisolfi
884 2179 1118 2229 Foroiuli
1144 2182 1400 2230 concessit
1427 2190 1476 2229 et
1518 2180 1731 2247 reliquis
1761 2179 1962 2228 nobiles
1985 2176 2366 2246 Langobardi.“
2398 2179 2499 2249 (Ex
2518 2179 2683 2229 Paulo

373 2265 637 2335 diacone.)

544 2357 835 2408 „Iohannis
863 2358 1094 2409 diaconi
1118 2357 1459 2409 Chronicon
1487 2357 1794 2409 Venetam.
1835 2357 2170 2426 (Montic010,
2213 2355 2487 2407 Cronache
2518 2356 2686 2407 Vene-

372 2447 534 2515 ziane,
575 2445 609 2504 Ι,
657 2446 771 2513 59):
819 2445 1124 2516 „Siquidem
1169 2447 1382 2497 Venetie
1432 2447 1534 2496 due
1582 2458 1721 2497 sunt.
1771 2449 1940 2512 prima
1980 2457 2056 2495 est
2097 2447 2181 2496 illa
2221 2463 2325 2514 que
2367 2449 2417 2495 in
2460 2448 2687 2514 antiqui-

376 2545 541 2583 tatum
585 2533 831 2603 hystoriis
872 2539 1183 2595 continetur,
1227 2553 1330 2603 que
1372 2553 1399 2585 a
1440 2535 1672 2585 Panonie
1714 2539 1947 2585 terminis
1989 2553 2159 2603 usque
2192 2537 2257 2585 ad
2286 2535 2436 2585 Adda
2462 2534 2684 2586 fluvium

377 2625 677 2689 protelatur,
734 2628 881 2674 cuius
938 2637 987 2674 et
1027 2626 1304 2692 Aquilegia
1359 2627 1535 2674 civitas
1577 2627 1738 2674 extitit
1779 2635 1950 2691 caput,
2011 2627 2059 2673 in
2103 2642 2206 2692 qua
2256 2626 2438 2675 beatus
2478 2625 2687 2674 Marcus

378 2714 707 2779 evangelista,
750 2714 922 2763 divina
947 2716 1108 2781 gratia
1138 2715 1493 2779 perlustratus,
1532 2712 1764 2763 Cristum
1803 2713 2012 2764 Ihesum
2044 2714 2324 2763 dominum
2354 2703 2685 2779 praedicavit.

377 2803 604 2851 secunda
658 2819 779 2852 vero
835 2803 1059 2853 Venecia
1113 2815 1187 2853 est
1236 2804 1335 2861 illa,
1394 2820 1553 2870 quam
1596 2803 1735 2869 apud
1793 2803 1986 2852 insulas
2027 2805 2238 2867 scimus,
2294 2819 2397 2870 que
2437 2803 2683 2852 Adriatici

376 2893 530 2939 maris
587 2892 801 2941 collecta
853 2894 988 2951 sinu,
1051 2891 1467 2942 interfluentibus
1523 2892 1676 2941 undis

382 2980 562 3045 populi
607 2979 819 3030 feliciter
859 2980 1136 3034 habitant.“

548 3068 886 3121 Chronicon
929 3075 1075 3134 patr.
1100 3070 1291 3135 Aquil.
1321 3071 1593 3135 primum.
1625 3067 1858 3138 (Rubeis,
1888 3068 2035 3122 Mon.
2056 3069 2176 3121 eccl.
2203 3070 2392 3137 Aquil.,
2434 3072 2572 3135 App.
2599 3066 2686 3136 7):

378 3156 479 3224 „Et
520 3158 639 3207 dicti
682 3159 1035 3227 Longobardi,
1092 3162 1263 3225 primo
1307 3161 1358 3208 in
1401 3157 1717 3223 Forumjulii
1761 3161 2022 3220 intrantes,
2077 3156 2354 3207 Civitatem
2399 3159 2681 3214 Austriam,

376 3262 509 3312 quae
535 3256 660 3296 tunc
683 3258 906 3297 castrum
938 3247 1298 3314 Forojuliense
1327 3247 1607 3316 dicebatur,
1646 3247 2118 3314 depopulaverunt,
2161 3257 2210 3296 et
2233 3247 2458 3296 totaliter
2485 3246 2684 3296 destru-

1679 2933 1692 2961 ,
1747 2894 2010 2958 positione
2052 2891 2290 2962 mirabili,
2348 2891 2686 2941 multitudine

382 3347 681 3388 xerunt...
712 3336 959 3387 Venetiae
989 3339 1186 3404 quippe
1213 3337 1346 3385 duae
1386 3347 1525 3388 sunt.
1567 3335 1740 3384 Prima
1780 3347 1856 3385 est
1897 3336 1999 3397 illa,
2043 3352 2178 3402 quae
2219 3337 2271 3383 in
2313 3337 2684 3402 antiquitatum

377 3424 602 3474 historiis
644 3428 962 3492 continetur;
1004 3443 1138 3494 quae
1180 3442 1208 3475 a
1251 3425 1551 3474 Pannoniae
1593 3427 1817 3474 termino
1861 3441 2028 3492 usque
2069 3424 2133 3473 ad
2160 3422 2358 3473 flumen
2387 3421 2684 3492 Danubii¹),

377 3510 427 3565 in
470 3532 572 3582 qua
628 3517 783 3563 etiam
838 3514 980 3564 Istria
1032 3516 1411 3582 complectitur,
1466 3515 1774 3580 protelatur:
1818 3513 1966 3577 cujus
2015 3513 2291 3580 Aquilegia
2331 3513 2459 3562 olim
2501 3515 2684 3563 civitas

378 3603 580 3653 famosa
622 3615 778 3669 caput
818 3607 993 3672 extitit,
1040 3621 1172 3671 quae
1220 3607 1374 3653 etiam
1417 3614 1573 3670 caput
1612 3602 1784 3651 Italiae
1827 3603 2124 3653 vocabatur.
2183 3600 2424 3651 Secunda
2466 3600 2683 3651 Venetia

379 3704 469 3760 est,
509 3709 643 3759 quae
683 3694 824 3758 apud
865 3694 1058 3742 insulas
1100 3696 1254 3742 maris
1295 3693 1558 3760 Adriatici,
1612 3708 1672 3740 ex
1713 3691 2019 3740 collectione
2062 3690 2404 3758 populorum,
2459 3693 2683 3755 primam

380 3781 653 3831 Venetiam
696 3793 910 3847 propter
948 3783 1145 3831 rabiem
1188 3782 1377 3831 Attilae
1419 3791 1469 3830 et
1508 3780 1695 3829 deinde
1735 3778 2214 3846 Longobardorum
2241 3818 2253 3830 .
2278 3818 2290 3831 .
2318 3818 2330 3831 .
2356 3777 2487 3827 infra
2521 3794 2685 3845 aquas

382 3868 597 3918 fundata
638 3868 759 3921 est.“

558 3958 895 4009 Chronicon
922 3964 1069 4023 patr.
1097 3959 1289 4023 Aquil.
1321 3961 1588 4009 alterum.
1616 3956 1849 4026 (Rubeis‚
1888 3955 2033 4008 Mon.
2059 3957 2178 4007 eccl.
2199 3954 2399 4023 Aquil.,
2427 3958 2565 4020 App.
2593 3952 2680 4022 9):

387 4047 484 4106 „Et
523 4049 694 4111 primo
736 4045 1113 4116 (Longobardi)
1156 4047 1468 4113 Forumjulii
1511 4049 1774 4104 intranteS‚
1823 4055 1873 4094 et
1912 4044 2058 4111 quod
2099 4057 2218 4110 post
2256 4044 2444 4093 Attilae
2485 4046 2673 4110 nequi-

561 4162 592 4218 ¹)
610 4163 737 4207 Prav
769 4175 822 4207 za
852 4176 973 4219 prav
1003 4164 1119 4207 reka
1151 4164 1298 4208 Adda.
